<marc:record xmlns:mets="http://www.loc.gov/METS/" xmlns:xsi="http://www.w3.org/2001/XMLSchema-instance" xmlns:marc="http://www.loc.gov/MARC21/slim"><marc:leader>01671cam a22003375a 4500</marc:leader><marc:controlfield tag="001">16839095</marc:controlfield><marc:controlfield tag="005">20110622154252.0</marc:controlfield><marc:controlfield tag="008">110622s2010    inuac  e      000 0deng  </marc:controlfield><marc:datafield tag="906" ind1=" " ind2=" "><marc:subfield code="a">0</marc:subfield><marc:subfield code="b">ibc</marc:subfield><marc:subfield code="c">origres</marc:subfield><marc:subfield code="d">3</marc:subfield><marc:subfield code="e">ncip</marc:subfield><marc:subfield code="f">20</marc:subfield><marc:subfield code="g">y-gencatlg</marc:subfield></marc:datafield><marc:datafield tag="925" ind1="0" ind2=" "><marc:subfield code="a">acquire</marc:subfield><marc:subfield code="b">1 shelf copy</marc:subfield><marc:subfield code="x">policy default</marc:subfield></marc:datafield><marc:datafield tag="955" ind1=" " ind2=" "><marc:subfield code="b">rf07 2011-06-22 z-processor</marc:subfield></marc:datafield><marc:datafield tag="010" ind1=" " ind2=" "><marc:subfield code="a">  2011453057</marc:subfield></marc:datafield><marc:datafield tag="020" ind1=" " ind2=" "><marc:subfield code="a">9781450071772 (pbk.)</marc:subfield></marc:datafield><marc:datafield tag="020" ind1=" " ind2=" "><marc:subfield code="a">1450071775 (pbk.)</marc:subfield></marc:datafield><marc:datafield tag="040" ind1=" " ind2=" "><marc:subfield code="a">DLC</marc:subfield><marc:subfield code="c">DLC</marc:subfield></marc:datafield><marc:datafield tag="042" ind1=" " ind2=" "><marc:subfield code="a">pcc</marc:subfield></marc:datafield><marc:datafield tag="100" ind1="1" ind2=" "><marc:subfield code="a">Serinko, Regis J.</marc:subfield></marc:datafield><marc:datafield tag="245" ind1="1" ind2="0"><marc:subfield code="a">Freedom's heroes :</marc:subfield><marc:subfield code="b">the military heritage of Rostraver Township /</marc:subfield><marc:subfield code="c">Regis J. Serinko.</marc:subfield></marc:datafield><marc:datafield tag="260" ind1=" " ind2=" "><marc:subfield code="a">[Bloomington, Ind.] :</marc:subfield><marc:subfield code="b">Xlibris Corporation,</marc:subfield><marc:subfield code="c">c2010.</marc:subfield></marc:datafield><marc:datafield tag="300" ind1=" " ind2=" "><marc:subfield code="a">198 p. :</marc:subfield><marc:subfield code="b">ill., ports. ;</marc:subfield><marc:subfield code="c">23 cm.</marc:subfield></marc:datafield><marc:datafield tag="504" ind1=" " ind2=" "><marc:subfield code="a">Includes bibliographical references, p.197-198.</marc:subfield></marc:datafield><marc:datafield tag="650" ind1=" " ind2="0"><marc:subfield code="a">Veterans Freedom Memorial</marc:subfield><marc:subfield code="z">Rostraver (Pa. : Township)</marc:subfield></marc:datafield><marc:datafield tag="650" ind1=" " ind2="0"><marc:subfield code="a">Rostraver (Township : Pa.)</marc:subfield><marc:subfield code="x">History</marc:subfield><marc:subfield code="y">Revolution, 1775-1783</marc:subfield><marc:subfield code="x">Veterans</marc:subfield><marc:subfield code="v">Biography.</marc:subfield></marc:datafield><marc:datafield tag="650" ind1=" " ind2="0"><marc:subfield code="a">Rostraver (Township : Pa.)</marc:subfield><marc:subfield code="x">History</marc:subfield><marc:subfield code="y">War of 1812</marc:subfield><marc:subfield code="x">Veterans</marc:subfield><marc:subfield code="v">Biography.</marc:subfield></marc:datafield><marc:datafield tag="650" ind1=" " ind2="0"><marc:subfield code="a">Rostraver (Township : Pa.)</marc:subfield><marc:subfield code="x">History</marc:subfield><marc:subfield code="y">World War, 1914-1918</marc:subfield><marc:subfield code="x">Veterans</marc:subfield><marc:subfield code="v">Biography.</marc:subfield></marc:datafield><marc:datafield tag="650" ind1=" " ind2="0"><marc:subfield code="a">Rostraver (Township : Pa.)</marc:subfield><marc:subfield code="x">History</marc:subfield><marc:subfield code="y">Civil War, 1861-1865</marc:subfield><marc:subfield code="x">Veterans</marc:subfield><marc:subfield code="v">Biography.</marc:subfield></marc:datafield><marc:datafield tag="650" ind1=" " ind2="0"><marc:subfield code="a">Rostraver (Township : Pa.)</marc:subfield><marc:subfield code="x">History</marc:subfield><marc:subfield code="y">World War, 1939-1945</marc:subfield><marc:subfield code="x">Veterans</marc:subfield><marc:subfield code="v">Biography.</marc:subfield></marc:datafield><marc:datafield tag="650" ind1=" " ind2="0"><marc:subfield code="a">Rostraver (Township : Pa.)</marc:subfield><marc:subfield code="x">History</marc:subfield><marc:subfield code="y">Korean War, 1950-1953</marc:subfield><marc:subfield code="x">Veterans</marc:subfield><marc:subfield code="v">Biography.</marc:subfield></marc:datafield><marc:datafield tag="650" ind1=" " ind2="0"><marc:subfield code="a">Rostraver (Township : Pa.)</marc:subfield><marc:subfield code="x">History</marc:subfield><marc:subfield code="y">Vietnam War, 1961-1975</marc:subfield><marc:subfield code="x">Veterans</marc:subfield><marc:subfield code="v">Biography.</marc:subfield></marc:datafield><marc:datafield tag="650" ind1=" " ind2="0"><marc:subfield code="a">Rostraver (Township : Pa.)</marc:subfield><marc:subfield code="x">History</marc:subfield><marc:subfield code="y">Persian Gulf War, 1991</marc:subfield><marc:subfield code="x">Veterans</marc:subfield><marc:subfield code="v">Biography.</marc:subfield></marc:datafield><marc:datafield tag="650" ind1=" " ind2="0"><marc:subfield code="a">Rostraver (Township : Pa.)</marc:subfield><marc:subfield code="x">History</marc:subfield><marc:subfield code="y">Iraq War, 2003-</marc:subfield><marc:subfield code="x">Veterans</marc:subfield><marc:subfield code="v">Biography.</marc:subfield></marc:datafield></marc:record>