<marc:record xmlns:mets="http://www.loc.gov/METS/" xmlns:xsi="http://www.w3.org/2001/XMLSchema-instance" xmlns:marc="http://www.loc.gov/MARC21/slim"><marc:leader>01102cam a22003017a 4500</marc:leader><marc:controlfield tag="001">16736259</marc:controlfield><marc:controlfield tag="005">20110420105136.0</marc:controlfield><marc:controlfield tag="008">110414s2010    at acf        000 0beng  </marc:controlfield><marc:datafield tag="906" ind1=" " ind2=" "><marc:subfield code="a">7</marc:subfield><marc:subfield code="b">cbc</marc:subfield><marc:subfield code="c">copycat</marc:subfield><marc:subfield code="d">3</marc:subfield><marc:subfield code="e">ncip</marc:subfield><marc:subfield code="f">20</marc:subfield><marc:subfield code="g">y-gencatlg</marc:subfield></marc:datafield><marc:datafield tag="925" ind1="0" ind2=" "><marc:subfield code="a">acquire</marc:subfield><marc:subfield code="b">1 shelf copy</marc:subfield><marc:subfield code="x">policy default</marc:subfield></marc:datafield><marc:datafield tag="955" ind1=" " ind2=" "><marc:subfield code="b">hc12 2011-04-14 z-processor copy 1</marc:subfield><marc:subfield code="i">hc08 2011-04-20 to BCCD</marc:subfield></marc:datafield><marc:datafield tag="010" ind1=" " ind2=" "><marc:subfield code="a">  2010551555</marc:subfield></marc:datafield><marc:datafield tag="020" ind1=" " ind2=" "><marc:subfield code="a">9781921667473 (pbk.)</marc:subfield></marc:datafield><marc:datafield tag="035" ind1=" " ind2=" "><marc:subfield code="a">(OCoLC)616446610</marc:subfield></marc:datafield><marc:datafield tag="040" ind1=" " ind2=" "><marc:subfield code="a">ANL</marc:subfield><marc:subfield code="b">eng</marc:subfield><marc:subfield code="d">ANL</marc:subfield><marc:subfield code="d">VMOR</marc:subfield><marc:subfield code="d">ANL</marc:subfield><marc:subfield code="c">DLC</marc:subfield></marc:datafield><marc:datafield tag="042" ind1=" " ind2=" "><marc:subfield code="a">lccopycat</marc:subfield></marc:datafield><marc:datafield tag="043" ind1=" " ind2=" "><marc:subfield code="a">u-at---</marc:subfield></marc:datafield><marc:datafield tag="050" ind1="0" ind2="0"><marc:subfield code="a">PN3018.C76</marc:subfield><marc:subfield code="b">H69 2010</marc:subfield></marc:datafield><marc:datafield tag="082" ind1="0" ind2="4"><marc:subfield code="a">791.43028092</marc:subfield><marc:subfield code="2">22</marc:subfield></marc:datafield><marc:datafield tag="100" ind1="1" ind2=" "><marc:subfield code="a">Howden, Martin.</marc:subfield></marc:datafield><marc:datafield tag="245" ind1="1" ind2="0"><marc:subfield code="a">Russell Crowe :</marc:subfield><marc:subfield code="b">the biography /</marc:subfield><marc:subfield code="c">Martin Howden.</marc:subfield></marc:datafield><marc:datafield tag="260" ind1=" " ind2=" "><marc:subfield code="a">Melbourne :</marc:subfield><marc:subfield code="b">Wilkinson Pub.,</marc:subfield><marc:subfield code="c">c2010.</marc:subfield></marc:datafield><marc:datafield tag="300" ind1=" " ind2=" "><marc:subfield code="a">x, 291 p., [16] p. of plates :</marc:subfield><marc:subfield code="b">ill. (some col.), ports. ;</marc:subfield><marc:subfield code="c">24 cm.</marc:subfield></marc:datafield><marc:datafield tag="500" ind1=" " ind2=" "><marc:subfield code="a">First published in 2010 by John Blake Publishing, London.</marc:subfield></marc:datafield><marc:datafield tag="600" ind1="1" ind2="0"><marc:subfield code="a">Crowe, Russell,</marc:subfield><marc:subfield code="d">1964-</marc:subfield></marc:datafield><marc:datafield tag="650" ind1=" " ind2="0"><marc:subfield code="a">Actors</marc:subfield><marc:subfield code="z">Australia</marc:subfield><marc:subfield code="v">Biography.</marc:subfield></marc:datafield><marc:datafield tag="650" ind1=" " ind2="0"><marc:subfield code="a">Motion picture actors and actresses</marc:subfield><marc:subfield code="z">Australia</marc:subfield><marc:subfield code="v">Biography.</marc:subfield></marc:datafield><marc:datafield tag="923" ind1=" " ind2=" "><marc:subfield code="a">Purchase</marc:subfield><marc:subfield code="d">20110311</marc:subfield><marc:subfield code="n">2305567</marc:subfield><marc:subfield code="s">Bennett.</marc:subfield></marc:datafield></marc:record>