<marc:record xmlns:mets="http://www.loc.gov/METS/" xmlns:xsi="http://www.w3.org/2001/XMLSchema-instance" xmlns:marc="http://www.loc.gov/MARC21/slim"><marc:leader>01910cam a22005055a 4500</marc:leader><marc:controlfield tag="001">16965926</marc:controlfield><marc:controlfield tag="005">20110916174022.0</marc:controlfield><marc:controlfield tag="008">110916s2010    oncac    b    001 0beng  </marc:controlfield><marc:datafield tag="906" ind1=" " ind2=" "><marc:subfield code="a">0</marc:subfield><marc:subfield code="b">ibc</marc:subfield><marc:subfield code="c">copycat</marc:subfield><marc:subfield code="d">3</marc:subfield><marc:subfield code="e">ncip</marc:subfield><marc:subfield code="f">20</marc:subfield><marc:subfield code="g">y-gencatlg</marc:subfield></marc:datafield><marc:datafield tag="925" ind1="0" ind2=" "><marc:subfield code="a">acquire</marc:subfield><marc:subfield code="b">1 shelf copy</marc:subfield><marc:subfield code="x">policy default</marc:subfield></marc:datafield><marc:datafield tag="955" ind1=" " ind2=" "><marc:subfield code="b">hc06 2011-09-16 z-processor</marc:subfield></marc:datafield><marc:datafield tag="010" ind1=" " ind2=" "><marc:subfield code="a">  2011488630</marc:subfield></marc:datafield><marc:datafield tag="016" ind1=" " ind2=" "><marc:subfield code="a">20109064860</marc:subfield></marc:datafield><marc:datafield tag="020" ind1=" " ind2=" "><marc:subfield code="a">9780973833560</marc:subfield></marc:datafield><marc:datafield tag="020" ind1=" " ind2=" "><marc:subfield code="a">0973833564</marc:subfield></marc:datafield><marc:datafield tag="035" ind1=" " ind2=" "><marc:subfield code="a">(OCoLC)ocn671530596</marc:subfield></marc:datafield><marc:datafield tag="040" ind1=" " ind2=" "><marc:subfield code="a">NLC</marc:subfield><marc:subfield code="b">eng</marc:subfield><marc:subfield code="c">NLC</marc:subfield><marc:subfield code="d">CDX</marc:subfield><marc:subfield code="d">DLC</marc:subfield></marc:datafield><marc:datafield tag="042" ind1=" " ind2=" "><marc:subfield code="a">lccopycat</marc:subfield></marc:datafield><marc:datafield tag="043" ind1=" " ind2=" "><marc:subfield code="a">n-cn-on</marc:subfield><marc:subfield code="a">e-uk-st</marc:subfield></marc:datafield><marc:datafield tag="055" ind1=" " ind2="0"><marc:subfield code="a">HF3224.6 R36</marc:subfield><marc:subfield code="b">D47 2010</marc:subfield></marc:datafield><marc:datafield tag="055" ind1="0" ind2="0"><marc:subfield code="a">HF3224 .6 R36</marc:subfield><marc:subfield code="b">D47 2010</marc:subfield></marc:datafield><marc:datafield tag="082" ind1="0" ind2="4"><marc:subfield code="a">338.092</marc:subfield><marc:subfield code="2">22</marc:subfield></marc:datafield><marc:datafield tag="097" ind1="0" ind2="0"><marc:subfield code="a">HF</marc:subfield></marc:datafield><marc:datafield tag="100" ind1="1" ind2=" "><marc:subfield code="a">Derry, Douglas L.,</marc:subfield><marc:subfield code="d">1946-</marc:subfield></marc:datafield><marc:datafield tag="245" ind1="1" ind2="0"><marc:subfield code="a">Making it big in Canada :</marc:subfield><marc:subfield code="b">the life of William Ramsay of Bowland /</marc:subfield><marc:subfield code="c">by Douglas L. Derry.</marc:subfield></marc:datafield><marc:datafield tag="260" ind1=" " ind2=" "><marc:subfield code="a">Caledon, Ont. :</marc:subfield><marc:subfield code="b">Poplar Lane Press,</marc:subfield><marc:subfield code="c">c2010.</marc:subfield></marc:datafield><marc:datafield tag="300" ind1=" " ind2=" "><marc:subfield code="a">113 p. :</marc:subfield><marc:subfield code="b">ill., ports. ;</marc:subfield><marc:subfield code="c">21 cm.</marc:subfield></marc:datafield><marc:datafield tag="504" ind1=" " ind2=" "><marc:subfield code="a">Includes bibliographical references and index.</marc:subfield></marc:datafield><marc:datafield tag="600" ind1="1" ind2="0"><marc:subfield code="a">Ramsay, William,</marc:subfield><marc:subfield code="d">1835-1919.</marc:subfield></marc:datafield><marc:datafield tag="650" ind1=" " ind2="0"><marc:subfield code="a">Businessmen</marc:subfield><marc:subfield code="z">Ontario</marc:subfield><marc:subfield code="z">Toronto</marc:subfield><marc:subfield code="v">Biography.</marc:subfield></marc:datafield><marc:datafield tag="650" ind1=" " ind2="0"><marc:subfield code="a">Philanthropists</marc:subfield><marc:subfield code="z">Ontario</marc:subfield><marc:subfield code="z">Toronto</marc:subfield><marc:subfield code="v">Biography.</marc:subfield></marc:datafield><marc:datafield tag="650" ind1=" " ind2="0"><marc:subfield code="a">Scots</marc:subfield><marc:subfield code="z">Ontario</marc:subfield><marc:subfield code="z">Toronto</marc:subfield><marc:subfield code="v">Biography.</marc:subfield></marc:datafield><marc:datafield tag="610" ind1="2" ind2="0"><marc:subfield code="a">Wm. Ramsay &amp; Co.</marc:subfield><marc:subfield code="v">Biography.</marc:subfield></marc:datafield><marc:datafield tag="610" ind1="2" ind2="0"><marc:subfield code="a">Toronto, Grey and Bruce Railway Company</marc:subfield><marc:subfield code="v">Biography.</marc:subfield></marc:datafield><marc:datafield tag="610" ind1="2" ind2="0"><marc:subfield code="a">Imperial Bank of Canada</marc:subfield><marc:subfield code="v">Biography.</marc:subfield></marc:datafield><marc:datafield tag="651" ind1=" " ind2="0"><marc:subfield code="a">Toronto (Ont.)</marc:subfield><marc:subfield code="v">Biography.</marc:subfield></marc:datafield><marc:datafield tag="600" ind1="1" ind2="6"><marc:subfield code="a">Ramsay, William,</marc:subfield><marc:subfield code="d">1835-1919.</marc:subfield></marc:datafield><marc:datafield tag="650" ind1=" " ind2="6"><marc:subfield code="a">Hommes d'affaires</marc:subfield><marc:subfield code="z">Ontario</marc:subfield><marc:subfield code="z">Toronto</marc:subfield><marc:subfield code="v">Biographies.</marc:subfield></marc:datafield><marc:datafield tag="650" ind1=" " ind2="6"><marc:subfield code="a">Philanthropes</marc:subfield><marc:subfield code="z">Ontario</marc:subfield><marc:subfield code="z">Toronto</marc:subfield><marc:subfield code="v">Biographies.</marc:subfield></marc:datafield><marc:datafield tag="650" ind1=" " ind2="6"><marc:subfield code="a">cossais</marc:subfield><marc:subfield code="z">Ontario</marc:subfield><marc:subfield code="z">Toronto</marc:subfield><marc:subfield code="v">Biographies.</marc:subfield></marc:datafield><marc:datafield tag="610" ind1="2" ind2="6"><marc:subfield code="a">Wm. Ramsay &amp;Co.</marc:subfield><marc:subfield code="v">Biographies.</marc:subfield></marc:datafield><marc:datafield tag="610" ind1="2" ind2="6"><marc:subfield code="a">Toronto, Grey and Bruce Railway Company</marc:subfield><marc:subfield code="v">Biographies.</marc:subfield></marc:datafield><marc:datafield tag="610" ind1="2" ind2="6"><marc:subfield code="a">Banque impriale du Canada</marc:subfield><marc:subfield code="v">Biographies.</marc:subfield></marc:datafield><marc:datafield tag="651" ind1=" " ind2="6"><marc:subfield code="a">Toronto (Ont.)</marc:subfield><marc:subfield code="v">Biographies.</marc:subfield></marc:datafield><marc:datafield tag="923" ind1=" " ind2=" "><marc:subfield code="a">purchase</marc:subfield><marc:subfield code="d">20110907</marc:subfield><marc:subfield code="n">I-10179146</marc:subfield><marc:subfield code="s">Coutts</marc:subfield></marc:datafield></marc:record>