<marc:record xmlns:mets="http://www.loc.gov/METS/" xmlns:xsi="http://www.w3.org/2001/XMLSchema-instance" xmlns:marc="http://www.loc.gov/MARC21/slim"><marc:leader>01979cam a22005177a 4500</marc:leader><marc:controlfield tag="001">16448909</marc:controlfield><marc:controlfield tag="005">20100914183149.0</marc:controlfield><marc:controlfield tag="008">100907s2010    mbcc     b    010 0beng  </marc:controlfield><marc:datafield tag="906" ind1=" " ind2=" "><marc:subfield code="a">7</marc:subfield><marc:subfield code="b">cbc</marc:subfield><marc:subfield code="c">copycat</marc:subfield><marc:subfield code="d">2</marc:subfield><marc:subfield code="e">epcn</marc:subfield><marc:subfield code="f">20</marc:subfield><marc:subfield code="g">y-gencatlg</marc:subfield></marc:datafield><marc:datafield tag="925" ind1="0" ind2=" "><marc:subfield code="a">acquire</marc:subfield><marc:subfield code="b">1 shelf copy</marc:subfield><marc:subfield code="x">policy default</marc:subfield></marc:datafield><marc:datafield tag="955" ind1=" " ind2=" "><marc:subfield code="b">hh03 2010-09-07 z-processor</marc:subfield><marc:subfield code="i">hh03 2010-09-07 to labeling</marc:subfield></marc:datafield><marc:datafield tag="010" ind1=" " ind2=" "><marc:subfield code="a">  2010497796</marc:subfield></marc:datafield><marc:datafield tag="016" ind1=" " ind2=" "><marc:subfield code="a">20109006003</marc:subfield></marc:datafield><marc:datafield tag="020" ind1=" " ind2=" "><marc:subfield code="a">9781894791229</marc:subfield></marc:datafield><marc:datafield tag="020" ind1=" " ind2=" "><marc:subfield code="a">1894791223</marc:subfield></marc:datafield><marc:datafield tag="035" ind1=" " ind2=" "><marc:subfield code="a">(OCoLC)ocn521745096</marc:subfield></marc:datafield><marc:datafield tag="040" ind1=" " ind2=" "><marc:subfield code="a">NLC</marc:subfield><marc:subfield code="b">eng</marc:subfield><marc:subfield code="c">NLC</marc:subfield><marc:subfield code="d">CDX</marc:subfield><marc:subfield code="d">YDXCP</marc:subfield><marc:subfield code="d">DLC</marc:subfield></marc:datafield><marc:datafield tag="042" ind1=" " ind2=" "><marc:subfield code="a">lccopycat</marc:subfield></marc:datafield><marc:datafield tag="043" ind1=" " ind2=" "><marc:subfield code="a">n-us-ks</marc:subfield><marc:subfield code="a">n-cn---</marc:subfield></marc:datafield><marc:datafield tag="050" ind1="0" ind2="0"><marc:subfield code="a">BX8143.W43</marc:subfield><marc:subfield code="b">V65 2010</marc:subfield></marc:datafield><marc:datafield tag="055" ind1="0" ind2="0"><marc:subfield code="a">BX8143 W43</marc:subfield><marc:subfield code="b">V63 2010</marc:subfield></marc:datafield><marc:datafield tag="082" ind1="0" ind2="4"><marc:subfield code="a">289.7092</marc:subfield><marc:subfield code="2">22</marc:subfield></marc:datafield><marc:datafield tag="245" ind1="0" ind2="4"><marc:subfield code="a">The voice of a writer :</marc:subfield><marc:subfield code="b">honoring the life of Katie Funk Wiebe /</marc:subfield><marc:subfield code="c">Doug Heidebrecht and Valerie G. Rempel, editors.</marc:subfield></marc:datafield><marc:datafield tag="260" ind1=" " ind2=" "><marc:subfield code="a">Winnipeg :</marc:subfield><marc:subfield code="b">Kindred Publications,</marc:subfield><marc:subfield code="c">c2010.</marc:subfield></marc:datafield><marc:datafield tag="300" ind1=" " ind2=" "><marc:subfield code="a">xii, 354 p. :</marc:subfield><marc:subfield code="b">port. ;</marc:subfield><marc:subfield code="c">22 cm.</marc:subfield></marc:datafield><marc:datafield tag="504" ind1=" " ind2=" "><marc:subfield code="a">Includes bibliographical references: p. [255]-352.</marc:subfield></marc:datafield><marc:datafield tag="600" ind1="1" ind2="0"><marc:subfield code="a">Wiebe, Katie Funk.</marc:subfield></marc:datafield><marc:datafield tag="600" ind1="1" ind2="0"><marc:subfield code="a">Wiebe, Katie Funk</marc:subfield><marc:subfield code="x">Criticism and interpretation.</marc:subfield></marc:datafield><marc:datafield tag="650" ind1=" " ind2="0"><marc:subfield code="a">Mennonite authors</marc:subfield><marc:subfield code="v">Biography.</marc:subfield></marc:datafield><marc:datafield tag="650" ind1=" " ind2="0"><marc:subfield code="a">Mennonite women</marc:subfield><marc:subfield code="z">Kansas</marc:subfield><marc:subfield code="v">Biography.</marc:subfield></marc:datafield><marc:datafield tag="650" ind1=" " ind2="0"><marc:subfield code="a">Mennonite women</marc:subfield><marc:subfield code="z">Canada</marc:subfield><marc:subfield code="v">Biography.</marc:subfield></marc:datafield><marc:datafield tag="650" ind1=" " ind2="0"><marc:subfield code="a">College teachers</marc:subfield><marc:subfield code="z">Kansas</marc:subfield><marc:subfield code="v">Biography.</marc:subfield></marc:datafield><marc:datafield tag="650" ind1=" " ind2="0"><marc:subfield code="a">Feminists</marc:subfield><marc:subfield code="z">Kansas</marc:subfield><marc:subfield code="v">Biography.</marc:subfield></marc:datafield><marc:datafield tag="650" ind1=" " ind2="0"><marc:subfield code="a">Mennonites</marc:subfield><marc:subfield code="z">Kansas</marc:subfield><marc:subfield code="v">Biography.</marc:subfield></marc:datafield><marc:datafield tag="600" ind1="1" ind2="6"><marc:subfield code="a">Wiebe, Katie Funk.</marc:subfield></marc:datafield><marc:datafield tag="600" ind1="1" ind2="6"><marc:subfield code="a">Wiebe, Katie Funk</marc:subfield><marc:subfield code="x">Critique et interprtation.</marc:subfield></marc:datafield><marc:datafield tag="650" ind1=" " ind2="6"><marc:subfield code="a">crivains mennonites</marc:subfield><marc:subfield code="v">Biographies.</marc:subfield></marc:datafield><marc:datafield tag="650" ind1=" " ind2="6"><marc:subfield code="a">Femmes mennonites</marc:subfield><marc:subfield code="z">Kansas</marc:subfield><marc:subfield code="v">Biographies.</marc:subfield></marc:datafield><marc:datafield tag="650" ind1=" " ind2="6"><marc:subfield code="a">Femmes mennonites</marc:subfield><marc:subfield code="z">Canada</marc:subfield><marc:subfield code="v">Biographies.</marc:subfield></marc:datafield><marc:datafield tag="650" ind1=" " ind2="6"><marc:subfield code="a">Professeurs (Enseignement suprieur)</marc:subfield><marc:subfield code="z">Kansas</marc:subfield><marc:subfield code="v">Biographies.</marc:subfield></marc:datafield><marc:datafield tag="650" ind1=" " ind2="6"><marc:subfield code="a">Fministes</marc:subfield><marc:subfield code="z">Kansas</marc:subfield><marc:subfield code="v">Biographies.</marc:subfield></marc:datafield><marc:datafield tag="650" ind1=" " ind2="6"><marc:subfield code="a">Mennonites</marc:subfield><marc:subfield code="z">Kansas</marc:subfield><marc:subfield code="v">Biographies.</marc:subfield></marc:datafield><marc:datafield tag="700" ind1="1" ind2=" "><marc:subfield code="a">Wiebe, Katie Funk.</marc:subfield></marc:datafield><marc:datafield tag="700" ind1="1" ind2=" "><marc:subfield code="a">Heidebrecht, Doug.</marc:subfield></marc:datafield><marc:datafield tag="700" ind1="1" ind2=" "><marc:subfield code="a">Rempel, Valerie.</marc:subfield></marc:datafield><marc:datafield tag="923" ind1=" " ind2=" "><marc:subfield code="a">purchase</marc:subfield><marc:subfield code="d">20100825</marc:subfield><marc:subfield code="n">I-10148105</marc:subfield><marc:subfield code="s">Coutts</marc:subfield><marc:subfield code="x">copy 2</marc:subfield></marc:datafield></marc:record>