<marc:record xmlns:mets="http://www.loc.gov/METS/" xmlns:xsi="http://www.w3.org/2001/XMLSchema-instance" xmlns:marc="http://www.loc.gov/MARC21/slim"><marc:leader>00994cam a2200289 a 4500</marc:leader><marc:controlfield tag="001">16634747</marc:controlfield><marc:controlfield tag="005">20110224112838.0</marc:controlfield><marc:controlfield tag="008">110202s2010    nz a          000 0aeng  </marc:controlfield><marc:datafield tag="906" ind1=" " ind2=" "><marc:subfield code="a">7</marc:subfield><marc:subfield code="b">cbc</marc:subfield><marc:subfield code="c">origres</marc:subfield><marc:subfield code="d">3</marc:subfield><marc:subfield code="e">ncip</marc:subfield><marc:subfield code="f">20</marc:subfield><marc:subfield code="g">y-gencatlg</marc:subfield></marc:datafield><marc:datafield tag="925" ind1="0" ind2=" "><marc:subfield code="a">acquire</marc:subfield><marc:subfield code="b">1 shelf copy</marc:subfield><marc:subfield code="x">policy default</marc:subfield></marc:datafield><marc:datafield tag="955" ind1=" " ind2=" "><marc:subfield code="b">hc12 2011-02-02 z-processor</marc:subfield><marc:subfield code="i">hc11 2011-02-24 to BCCD</marc:subfield></marc:datafield><marc:datafield tag="010" ind1=" " ind2=" "><marc:subfield code="a">  2010467329</marc:subfield></marc:datafield><marc:datafield tag="020" ind1=" " ind2=" "><marc:subfield code="a">9781877443039 (pbk.)</marc:subfield></marc:datafield><marc:datafield tag="020" ind1=" " ind2=" "><marc:subfield code="a">1877443034 (pbk.)</marc:subfield></marc:datafield><marc:datafield tag="040" ind1=" " ind2=" "><marc:subfield code="a">DLC</marc:subfield><marc:subfield code="c">DLC</marc:subfield><marc:subfield code="d">DLC</marc:subfield></marc:datafield><marc:datafield tag="042" ind1=" " ind2=" "><marc:subfield code="a">pcc</marc:subfield></marc:datafield><marc:datafield tag="043" ind1=" " ind2=" "><marc:subfield code="a">u-nz---</marc:subfield><marc:subfield code="a">e-ne---</marc:subfield></marc:datafield><marc:datafield tag="050" ind1="0" ind2="0"><marc:subfield code="a">CT1158.B76</marc:subfield><marc:subfield code="b">A3 2010</marc:subfield></marc:datafield><marc:datafield tag="100" ind1="1" ind2=" "><marc:subfield code="a">Broeke, Bert ten,</marc:subfield><marc:subfield code="d">1924-</marc:subfield></marc:datafield><marc:datafield tag="245" ind1="1" ind2="0"><marc:subfield code="a">Can't is not in my vocabulary /</marc:subfield><marc:subfield code="c">Bert ten Broeke.</marc:subfield></marc:datafield><marc:datafield tag="260" ind1=" " ind2=" "><marc:subfield code="a">Wellington, N.Z. :</marc:subfield><marc:subfield code="b">Maurienne House,</marc:subfield><marc:subfield code="c">2010.</marc:subfield></marc:datafield><marc:datafield tag="300" ind1=" " ind2=" "><marc:subfield code="a">192 p. :</marc:subfield><marc:subfield code="b">ill. (chiefly col.) ;</marc:subfield><marc:subfield code="c">25 cm.</marc:subfield></marc:datafield><marc:datafield tag="600" ind1="1" ind2="0"><marc:subfield code="a">Broeke, Bert ten,</marc:subfield><marc:subfield code="d">1924-</marc:subfield></marc:datafield><marc:datafield tag="650" ind1=" " ind2="0"><marc:subfield code="a">Dutch</marc:subfield><marc:subfield code="z">New Zealand</marc:subfield><marc:subfield code="v">Biography.</marc:subfield></marc:datafield><marc:datafield tag="650" ind1=" " ind2="0"><marc:subfield code="a">Butchers</marc:subfield><marc:subfield code="z">Netherlands</marc:subfield><marc:subfield code="v">Biography.</marc:subfield></marc:datafield><marc:datafield tag="650" ind1=" " ind2="0"><marc:subfield code="a">Butchers</marc:subfield><marc:subfield code="z">New Zealand</marc:subfield><marc:subfield code="v">Biography.</marc:subfield></marc:datafield><marc:datafield tag="923" ind1=" " ind2=" "><marc:subfield code="a">Purchase</marc:subfield><marc:subfield code="d">20101221</marc:subfield><marc:subfield code="n">1386458</marc:subfield><marc:subfield code="s">Wheelers.</marc:subfield></marc:datafield></marc:record>