<marc:record xmlns:mets="http://www.loc.gov/METS/" xmlns:xsi="http://www.w3.org/2001/XMLSchema-instance" xmlns:marc="http://www.loc.gov/MARC21/slim"><marc:leader>00890nam a2200253 a 4500</marc:leader><marc:controlfield tag="001">1216208</marc:controlfield><marc:controlfield tag="005">19990714142946.2</marc:controlfield><marc:controlfield tag="008">990407s1998    ie       d    000 0ceng  </marc:controlfield><marc:datafield tag="035" ind1=" " ind2=" "><marc:subfield code="9">(DLC)   99193915</marc:subfield></marc:datafield><marc:datafield tag="906" ind1=" " ind2=" "><marc:subfield code="a">7</marc:subfield><marc:subfield code="b">cbc</marc:subfield><marc:subfield code="c">orignew</marc:subfield><marc:subfield code="d">2</marc:subfield><marc:subfield code="e">ncip</marc:subfield><marc:subfield code="f">19</marc:subfield><marc:subfield code="g">y-gencatlg</marc:subfield></marc:datafield><marc:datafield tag="955" ind1=" " ind2=" "><marc:subfield code="a">nb05 4/7/99 ; nb05 5/28/99 to HLCD; lj06 06-29-99; lk07 07-06-99; lh637 07-08-99</marc:subfield></marc:datafield><marc:datafield tag="010" ind1=" " ind2=" "><marc:subfield code="a">   99193915 </marc:subfield></marc:datafield><marc:datafield tag="020" ind1=" " ind2=" "><marc:subfield code="a">0717127869</marc:subfield></marc:datafield><marc:datafield tag="040" ind1=" " ind2=" "><marc:subfield code="a">DLC</marc:subfield><marc:subfield code="c">DLC</marc:subfield></marc:datafield><marc:datafield tag="043" ind1=" " ind2=" "><marc:subfield code="a">e-ie---</marc:subfield><marc:subfield code="a">e-uk-ni</marc:subfield></marc:datafield><marc:datafield tag="050" ind1="0" ind2="0"><marc:subfield code="a">CT862</marc:subfield><marc:subfield code="b">.M63 1998</marc:subfield></marc:datafield><marc:datafield tag="245" ind1="0" ind2="0"><marc:subfield code="a">Modern Irish lives :</marc:subfield><marc:subfield code="b">dictionary of 20th-century Irish biography /</marc:subfield><marc:subfield code="c">general editor, Louis McRedmond.</marc:subfield></marc:datafield><marc:datafield tag="260" ind1=" " ind2=" "><marc:subfield code="a">Dublin :</marc:subfield><marc:subfield code="b">Gill &amp; Macmillan,</marc:subfield><marc:subfield code="c">c1998.</marc:subfield></marc:datafield><marc:datafield tag="300" ind1=" " ind2=" "><marc:subfield code="a">xix, 328 p. ;</marc:subfield><marc:subfield code="c">23 cm.</marc:subfield></marc:datafield><marc:datafield tag="651" ind1=" " ind2="0"><marc:subfield code="a">Ireland</marc:subfield><marc:subfield code="v">Biography</marc:subfield><marc:subfield code="v">Dictionaries.</marc:subfield></marc:datafield><marc:datafield tag="651" ind1=" " ind2="0"><marc:subfield code="a">Northern Ireland</marc:subfield><marc:subfield code="v">Biography</marc:subfield><marc:subfield code="v">Dictionaries.</marc:subfield></marc:datafield><marc:datafield tag="700" ind1="1" ind2=" "><marc:subfield code="a">McRedmond, Louis.</marc:subfield></marc:datafield><marc:datafield tag="922" ind1=" " ind2=" "><marc:subfield code="a">ap</marc:subfield></marc:datafield><marc:datafield tag="991" ind1=" " ind2=" "><marc:subfield code="b">c-GenColl</marc:subfield><marc:subfield code="h">CT862</marc:subfield><marc:subfield code="i">.M63 1998</marc:subfield><marc:subfield code="t">Copy 1</marc:subfield><marc:subfield code="w">BOOKS</marc:subfield></marc:datafield></marc:record>