<marc:record xmlns:mets="http://www.loc.gov/METS/" xmlns:xsi="http://www.w3.org/2001/XMLSchema-instance" xmlns:marc="http://www.loc.gov/MARC21/slim"><marc:leader>00890cam a2200277 a 4500</marc:leader><marc:controlfield tag="001">2632435</marc:controlfield><marc:controlfield tag="005">19990916154701.0</marc:controlfield><marc:controlfield tag="008">990212s1998    njua          000 0ceng  </marc:controlfield><marc:datafield tag="035" ind1=" " ind2=" "><marc:subfield code="9">(DLC)   99173171</marc:subfield></marc:datafield><marc:datafield tag="906" ind1=" " ind2=" "><marc:subfield code="a">7</marc:subfield><marc:subfield code="b">cbc</marc:subfield><marc:subfield code="c">orignew</marc:subfield><marc:subfield code="d">3</marc:subfield><marc:subfield code="e">ncip</marc:subfield><marc:subfield code="f">19</marc:subfield><marc:subfield code="g">y-gencatlg</marc:subfield></marc:datafield><marc:datafield tag="955" ind1=" " ind2=" "><marc:subfield code="a">pb18 02-12-99 to cat.; lj15/13 03-25-99; lk07 03-29-99; lj05 04-06-99</marc:subfield></marc:datafield><marc:datafield tag="010" ind1=" " ind2=" "><marc:subfield code="a">   99173171 </marc:subfield></marc:datafield><marc:datafield tag="020" ind1=" " ind2=" "><marc:subfield code="a">0966404203</marc:subfield></marc:datafield><marc:datafield tag="040" ind1=" " ind2=" "><marc:subfield code="a">DLC</marc:subfield><marc:subfield code="c">DLC</marc:subfield><marc:subfield code="d">DLC</marc:subfield></marc:datafield><marc:datafield tag="043" ind1=" " ind2=" "><marc:subfield code="a">n-us---</marc:subfield></marc:datafield><marc:datafield tag="050" ind1="0" ind2="0"><marc:subfield code="a">CT220</marc:subfield><marc:subfield code="b">.M87 1998</marc:subfield></marc:datafield><marc:datafield tag="082" ind1="0" ind2="0"><marc:subfield code="a">920/.009/04</marc:subfield><marc:subfield code="2">21</marc:subfield></marc:datafield><marc:datafield tag="100" ind1="1" ind2=" "><marc:subfield code="a">Murray, Regina Waldron.</marc:subfield></marc:datafield><marc:datafield tag="245" ind1="1" ind2="0"><marc:subfield code="a">Profiles in the wind :</marc:subfield><marc:subfield code="b">a potpourri of people /</marc:subfield><marc:subfield code="c">by Regina Waldron Murray.</marc:subfield></marc:datafield><marc:datafield tag="260" ind1=" " ind2=" "><marc:subfield code="a">Princeton, NJ :</marc:subfield><marc:subfield code="b">R.W. Murray,</marc:subfield><marc:subfield code="c">c1998.</marc:subfield></marc:datafield><marc:datafield tag="300" ind1=" " ind2=" "><marc:subfield code="a">xi, 138 p. :</marc:subfield><marc:subfield code="b">ill. ;</marc:subfield><marc:subfield code="c">24 cm.</marc:subfield></marc:datafield><marc:datafield tag="650" ind1=" " ind2="0"><marc:subfield code="a">Biography</marc:subfield><marc:subfield code="y">20th century.</marc:subfield></marc:datafield><marc:datafield tag="651" ind1=" " ind2="0"><marc:subfield code="a">United States</marc:subfield><marc:subfield code="v">Biography.</marc:subfield></marc:datafield><marc:datafield tag="922" ind1=" " ind2=" "><marc:subfield code="a">co</marc:subfield></marc:datafield><marc:datafield tag="984" ind1=" " ind2=" "><marc:subfield code="a">gsl</marc:subfield></marc:datafield><marc:datafield tag="991" ind1=" " ind2=" "><marc:subfield code="b">c-GenColl</marc:subfield><marc:subfield code="h">CT220</marc:subfield><marc:subfield code="i">.M87 1998</marc:subfield><marc:subfield code="t">Copy 1</marc:subfield><marc:subfield code="w">BOOKS</marc:subfield></marc:datafield></marc:record>