<marc:record xmlns:mets="http://www.loc.gov/METS/" xmlns:xsi="http://www.w3.org/2001/XMLSchema-instance" xmlns:marc="http://www.loc.gov/MARC21/slim"><marc:leader>01335cam a2200373 a 4500</marc:leader><marc:controlfield tag="001">2159363</marc:controlfield><marc:controlfield tag="005">19991105130242.0</marc:controlfield><marc:controlfield tag="008">981202s1998    nhua     b    001 0beng d</marc:controlfield><marc:datafield tag="035" ind1=" " ind2=" "><marc:subfield code="9">(DLC)   99171539</marc:subfield></marc:datafield><marc:datafield tag="906" ind1=" " ind2=" "><marc:subfield code="a">7</marc:subfield><marc:subfield code="b">cbc</marc:subfield><marc:subfield code="c">copycat</marc:subfield><marc:subfield code="d">2</marc:subfield><marc:subfield code="e">ncip</marc:subfield><marc:subfield code="f">19</marc:subfield><marc:subfield code="g">y-gencatlg</marc:subfield></marc:datafield><marc:datafield tag="925" ind1="0" ind2=" "><marc:subfield code="a">acquire</marc:subfield><marc:subfield code="b">2 shelf copies</marc:subfield><marc:subfield code="x">policy default</marc:subfield></marc:datafield><marc:datafield tag="955" ind1=" " ind2=" "><marc:subfield code="a">pb20 02-09-99 to hlcd; lh08 to subj. 02-19-99; lh06 02-19-99; lk18 02-23-99</marc:subfield></marc:datafield><marc:datafield tag="010" ind1=" " ind2=" "><marc:subfield code="a">   99171539 </marc:subfield></marc:datafield><marc:datafield tag="020" ind1=" " ind2=" "><marc:subfield code="a">1884186084 (alk. paper)</marc:subfield></marc:datafield><marc:datafield tag="035" ind1=" " ind2=" "><marc:subfield code="a">(OCoLC)40427447</marc:subfield></marc:datafield><marc:datafield tag="040" ind1=" " ind2=" "><marc:subfield code="a">MBU</marc:subfield><marc:subfield code="c">MBU</marc:subfield><marc:subfield code="d">DLC</marc:subfield></marc:datafield><marc:datafield tag="042" ind1=" " ind2=" "><marc:subfield code="a">lccopycat</marc:subfield></marc:datafield><marc:datafield tag="043" ind1=" " ind2=" "><marc:subfield code="a">n-us-ma</marc:subfield><marc:subfield code="a">n-us---</marc:subfield></marc:datafield><marc:datafield tag="050" ind1="0" ind2="0"><marc:subfield code="a">PS3503.R14</marc:subfield><marc:subfield code="b">Z74 1998</marc:subfield></marc:datafield><marc:datafield tag="082" ind1="0" ind2="0"><marc:subfield code="a">813/.52</marc:subfield><marc:subfield code="a">B</marc:subfield><marc:subfield code="2">21</marc:subfield></marc:datafield><marc:datafield tag="100" ind1="1" ind2=" "><marc:subfield code="a">Lindgren, Charlotte H.</marc:subfield></marc:datafield><marc:datafield tag="245" ind1="1" ind2="0"><marc:subfield code="a">Gerald Warner Brace :</marc:subfield><marc:subfield code="b">writer, sailor, teacher /</marc:subfield><marc:subfield code="c">by Charlotte Holt Lindgren.</marc:subfield></marc:datafield><marc:datafield tag="260" ind1=" " ind2=" "><marc:subfield code="a">[Hollis, NH] :</marc:subfield><marc:subfield code="b">Hollis Pub. Co.,</marc:subfield><marc:subfield code="c">c1998.</marc:subfield></marc:datafield><marc:datafield tag="300" ind1=" " ind2=" "><marc:subfield code="a">xvi, 260 p. :</marc:subfield><marc:subfield code="b">ill. ;</marc:subfield><marc:subfield code="c">24 cm.</marc:subfield></marc:datafield><marc:datafield tag="504" ind1=" " ind2=" "><marc:subfield code="a">"Works by Gerald Warner Brace": p. [vii].</marc:subfield></marc:datafield><marc:datafield tag="500" ind1=" " ind2=" "><marc:subfield code="a">Includes index.</marc:subfield></marc:datafield><marc:datafield tag="600" ind1="1" ind2="0"><marc:subfield code="a">Brace, Gerald Warner,</marc:subfield><marc:subfield code="d">1901-</marc:subfield><marc:subfield code="x">Biography.</marc:subfield></marc:datafield><marc:datafield tag="650" ind1=" " ind2="0"><marc:subfield code="a">Authors, American</marc:subfield><marc:subfield code="y">20th century</marc:subfield><marc:subfield code="x">Biography.</marc:subfield></marc:datafield><marc:datafield tag="650" ind1=" " ind2="0"><marc:subfield code="a">English teachers</marc:subfield><marc:subfield code="z">United States</marc:subfield><marc:subfield code="x">Biography.</marc:subfield></marc:datafield><marc:datafield tag="610" ind1="2" ind2="0"><marc:subfield code="a">Boston University</marc:subfield><marc:subfield code="x">Faculty</marc:subfield><marc:subfield code="x">Biography.</marc:subfield></marc:datafield><marc:datafield tag="650" ind1=" " ind2="0"><marc:subfield code="a">Sailors</marc:subfield><marc:subfield code="z">United States</marc:subfield><marc:subfield code="x">Biography.</marc:subfield></marc:datafield><marc:datafield tag="922" ind1=" " ind2=" "><marc:subfield code="a">co</marc:subfield></marc:datafield><marc:datafield tag="984" ind1=" " ind2=" "><marc:subfield code="a">gsl</marc:subfield></marc:datafield><marc:datafield tag="991" ind1=" " ind2=" "><marc:subfield code="b">c-GenColl</marc:subfield><marc:subfield code="h">PS3503.R14</marc:subfield><marc:subfield code="i">Z74 1998</marc:subfield><marc:subfield code="t">Copy 1</marc:subfield><marc:subfield code="w">BOOKS</marc:subfield></marc:datafield></marc:record>