<marc:record xmlns:mets="http://www.loc.gov/METS/" xmlns:xsi="http://www.w3.org/2001/XMLSchema-instance" xmlns:marc="http://www.loc.gov/MARC21/slim"><marc:leader>01403cam a2200361 a 4500</marc:leader><marc:controlfield tag="001">2143162</marc:controlfield><marc:controlfield tag="005">20010620094928.0</marc:controlfield><marc:controlfield tag="008">980917s1998    mau           001 0aeng  </marc:controlfield><marc:datafield tag="035" ind1=" " ind2=" "><marc:subfield code="9">(DLC)   98031479</marc:subfield></marc:datafield><marc:datafield tag="906" ind1=" " ind2=" "><marc:subfield code="a">7</marc:subfield><marc:subfield code="b">cbc</marc:subfield><marc:subfield code="c">orignew</marc:subfield><marc:subfield code="d">1</marc:subfield><marc:subfield code="e">ocip</marc:subfield><marc:subfield code="f">19</marc:subfield><marc:subfield code="g">y-gencatlg</marc:subfield></marc:datafield><marc:datafield tag="925" ind1="0" ind2=" "><marc:subfield code="a">acquire</marc:subfield><marc:subfield code="b">2 shelf copies</marc:subfield><marc:subfield code="x">policy default</marc:subfield></marc:datafield><marc:datafield tag="955" ind1=" " ind2=" "><marc:subfield code="a">pc03 RUSH to la00 09-18-98; lc09 (CIP) 09-21-98 to lc07 09-22-98; lc17 (rec'd CIP) 10-15-98; lc17 to SL 10-15-98; lc15 to ddc 10-16-98; CIP ver. pv08 to BCCD 06-05-00</marc:subfield></marc:datafield><marc:datafield tag="010" ind1=" " ind2=" "><marc:subfield code="a">   98031479 </marc:subfield></marc:datafield><marc:datafield tag="020" ind1=" " ind2=" "><marc:subfield code="a">0896085821 (cloth : alk. paper)</marc:subfield></marc:datafield><marc:datafield tag="020" ind1=" " ind2=" "><marc:subfield code="a">0896085813 (paper : alk. paper)</marc:subfield></marc:datafield><marc:datafield tag="040" ind1=" " ind2=" "><marc:subfield code="a">DLC</marc:subfield><marc:subfield code="c">DLC</marc:subfield><marc:subfield code="d">DLC</marc:subfield></marc:datafield><marc:datafield tag="043" ind1=" " ind2=" "><marc:subfield code="a">n-us---</marc:subfield><marc:subfield code="a">nwpr---</marc:subfield></marc:datafield><marc:datafield tag="050" ind1="0" ind2="0"><marc:subfield code="a">PS3562.E915</marc:subfield><marc:subfield code="b">Z468 1998</marc:subfield></marc:datafield><marc:datafield tag="082" ind1="0" ind2="0"><marc:subfield code="a">814/.54</marc:subfield><marc:subfield code="2">21</marc:subfield></marc:datafield><marc:datafield tag="100" ind1="1" ind2=" "><marc:subfield code="a">Levins Morales, Aurora,</marc:subfield><marc:subfield code="d">1954-</marc:subfield></marc:datafield><marc:datafield tag="245" ind1="1" ind2="0"><marc:subfield code="a">Medicine stories :</marc:subfield><marc:subfield code="b">history, culture, and the politics of integrity /</marc:subfield><marc:subfield code="c">Aurora Levins Morales.</marc:subfield></marc:datafield><marc:datafield tag="250" ind1=" " ind2=" "><marc:subfield code="a">1st ed.</marc:subfield></marc:datafield><marc:datafield tag="260" ind1=" " ind2=" "><marc:subfield code="a">Cambridge, MA :</marc:subfield><marc:subfield code="b">South End Press,</marc:subfield><marc:subfield code="c">c1998.</marc:subfield></marc:datafield><marc:datafield tag="300" ind1=" " ind2=" "><marc:subfield code="a">135 p. ;</marc:subfield><marc:subfield code="c">23 cm.</marc:subfield></marc:datafield><marc:datafield tag="500" ind1=" " ind2=" "><marc:subfield code="a">Includes index.</marc:subfield></marc:datafield><marc:datafield tag="600" ind1="2" ind2="0"><marc:subfield code="a">Levins Morales, Aurora,</marc:subfield><marc:subfield code="d">1954-</marc:subfield></marc:datafield><marc:datafield tag="650" ind1=" " ind2="0"><marc:subfield code="a">Authors, American</marc:subfield><marc:subfield code="y">20th century</marc:subfield><marc:subfield code="x">Biography.</marc:subfield></marc:datafield><marc:datafield tag="650" ind1=" " ind2="0"><marc:subfield code="a">Women historians</marc:subfield><marc:subfield code="z">United States</marc:subfield><marc:subfield code="x">Biography.</marc:subfield></marc:datafield><marc:datafield tag="650" ind1=" " ind2="0"><marc:subfield code="a">Historians</marc:subfield><marc:subfield code="z">United States</marc:subfield><marc:subfield code="x">Biography.</marc:subfield></marc:datafield><marc:datafield tag="650" ind1=" " ind2="0"><marc:subfield code="a">Feminists</marc:subfield><marc:subfield code="z">United States</marc:subfield><marc:subfield code="x">Biography.</marc:subfield></marc:datafield><marc:datafield tag="650" ind1=" " ind2="0"><marc:subfield code="a">Jews</marc:subfield><marc:subfield code="z">Puerto Rico</marc:subfield><marc:subfield code="x">Biography.</marc:subfield></marc:datafield><marc:datafield tag="651" ind1=" " ind2="0"><marc:subfield code="a">Puerto Rico</marc:subfield><marc:subfield code="x">Ethnic relations.</marc:subfield></marc:datafield><marc:datafield tag="984" ind1=" " ind2=" "><marc:subfield code="a">gsl</marc:subfield></marc:datafield></marc:record>