<marc:record xmlns:mets="http://www.loc.gov/METS/" xmlns:xsi="http://www.w3.org/2001/XMLSchema-instance" xmlns:marc="http://www.loc.gov/MARC21/slim"><marc:leader>01198cam a2200301 a 4500</marc:leader><marc:controlfield tag="001">726602</marc:controlfield><marc:controlfield tag="005">19990412095814.9</marc:controlfield><marc:controlfield tag="008">980611s1998    utua          000 0aeng  </marc:controlfield><marc:datafield tag="035" ind1=" " ind2=" "><marc:subfield code="9">(DLC)   98028168</marc:subfield></marc:datafield><marc:datafield tag="906" ind1=" " ind2=" "><marc:subfield code="a">7</marc:subfield><marc:subfield code="b">cbc</marc:subfield><marc:subfield code="c">orignew</marc:subfield><marc:subfield code="d">1</marc:subfield><marc:subfield code="e">ocip</marc:subfield><marc:subfield code="f">19</marc:subfield><marc:subfield code="g">y-gencatlg</marc:subfield></marc:datafield><marc:datafield tag="955" ind1=" " ind2=" "><marc:subfield code="a">pc19 to la00 06-11-98; lg25 to lc05; lc05 to SSCD-RPP 06-12-98; sh06 06-19-98; sh04 06-22-98; CIP ver. sh21 09-15-98</marc:subfield></marc:datafield><marc:datafield tag="010" ind1=" " ind2=" "><marc:subfield code="a">   98028168 </marc:subfield></marc:datafield><marc:datafield tag="020" ind1=" " ind2=" "><marc:subfield code="a">1577342941</marc:subfield></marc:datafield><marc:datafield tag="040" ind1=" " ind2=" "><marc:subfield code="a">DLC</marc:subfield><marc:subfield code="c">DLC</marc:subfield><marc:subfield code="d">DLC</marc:subfield></marc:datafield><marc:datafield tag="043" ind1=" " ind2=" "><marc:subfield code="a">n-us---</marc:subfield></marc:datafield><marc:datafield tag="050" ind1="0" ind2="0"><marc:subfield code="a">BX8695.R37</marc:subfield><marc:subfield code="b">A3 1998</marc:subfield></marc:datafield><marc:datafield tag="082" ind1="0" ind2="0"><marc:subfield code="a">070/.92</marc:subfield><marc:subfield code="a">B</marc:subfield><marc:subfield code="2">21</marc:subfield></marc:datafield><marc:datafield tag="100" ind1="1" ind2=" "><marc:subfield code="a">Rascon, Art.</marc:subfield></marc:datafield><marc:datafield tag="245" ind1="1" ind2="0"><marc:subfield code="a">On assignment :</marc:subfield><marc:subfield code="b">the stories behind the stories : inspiring experiences from an LDS broadcast journalist /</marc:subfield><marc:subfield code="c">Art Rascon.</marc:subfield></marc:datafield><marc:datafield tag="260" ind1=" " ind2=" "><marc:subfield code="a">American Fork, Utah :</marc:subfield><marc:subfield code="b">Covenant Communications,</marc:subfield><marc:subfield code="c">c1998.</marc:subfield></marc:datafield><marc:datafield tag="300" ind1=" " ind2=" "><marc:subfield code="a">179 p. :</marc:subfield><marc:subfield code="b">ill. ;</marc:subfield><marc:subfield code="c">24 cm.</marc:subfield></marc:datafield><marc:datafield tag="600" ind1="1" ind2="0"><marc:subfield code="a">Rascon, Art.</marc:subfield></marc:datafield><marc:datafield tag="650" ind1=" " ind2="0"><marc:subfield code="a">Television journalists</marc:subfield><marc:subfield code="z">United States</marc:subfield><marc:subfield code="x">Biography.</marc:subfield></marc:datafield><marc:datafield tag="650" ind1=" " ind2="0"><marc:subfield code="a">Radio journalists</marc:subfield><marc:subfield code="z">United States</marc:subfield><marc:subfield code="x">Biography.</marc:subfield></marc:datafield><marc:datafield tag="650" ind1=" " ind2="0"><marc:subfield code="a">Mormons</marc:subfield><marc:subfield code="z">United States</marc:subfield><marc:subfield code="x">Biography.</marc:subfield></marc:datafield><marc:datafield tag="610" ind1="2" ind2="0"><marc:subfield code="a">Church of Jesus Christ of Latter-Day Saints</marc:subfield><marc:subfield code="x">Biography.</marc:subfield></marc:datafield><marc:datafield tag="920" ind1=" " ind2=" "><marc:subfield code="a"> **LC HAS REQ'D # OF SHELF COPIES**</marc:subfield></marc:datafield><marc:datafield tag="991" ind1=" " ind2=" "><marc:subfield code="b">c-GenColl</marc:subfield><marc:subfield code="h">BX8695.R37</marc:subfield><marc:subfield code="i">A3 1998</marc:subfield><marc:subfield code="t">Copy 1</marc:subfield><marc:subfield code="w">BOOKS</marc:subfield></marc:datafield></marc:record>