<marc:record xmlns:mets="http://www.loc.gov/METS/" xmlns:xsi="http://www.w3.org/2001/XMLSchema-instance" xmlns:marc="http://www.loc.gov/MARC21/slim"><marc:leader>01698pam a2200385 a 4500</marc:leader><marc:controlfield tag="001">4031927</marc:controlfield><marc:controlfield tag="005">19980625144729.5</marc:controlfield><marc:controlfield tag="008">980109s1998    miua     bd   001 0deng  </marc:controlfield><marc:datafield tag="035" ind1=" " ind2=" "><marc:subfield code="9">(DLC)   98004950</marc:subfield></marc:datafield><marc:datafield tag="906" ind1=" " ind2=" "><marc:subfield code="a">7</marc:subfield><marc:subfield code="b">cbc</marc:subfield><marc:subfield code="c">orignew</marc:subfield><marc:subfield code="d">1</marc:subfield><marc:subfield code="e">ocip</marc:subfield><marc:subfield code="f">19</marc:subfield><marc:subfield code="g">y-gencatlg</marc:subfield></marc:datafield><marc:datafield tag="955" ind1=" " ind2=" "><marc:subfield code="a">pc14 to la00 01-09-98; lh02 01-13-98 to subj.; lh06 01-13-98; lh37 01-14-98;aa05 01-15-98; CIP ver. pv08 06-25-98</marc:subfield></marc:datafield><marc:datafield tag="010" ind1=" " ind2=" "><marc:subfield code="a">   98004950 </marc:subfield></marc:datafield><marc:datafield tag="020" ind1=" " ind2=" "><marc:subfield code="a">0787618454 (alk. paper)</marc:subfield></marc:datafield><marc:datafield tag="040" ind1=" " ind2=" "><marc:subfield code="a">DLC</marc:subfield><marc:subfield code="c">DLC</marc:subfield><marc:subfield code="d">DLC</marc:subfield></marc:datafield><marc:datafield tag="043" ind1=" " ind2=" "><marc:subfield code="a">e-uk---</marc:subfield></marc:datafield><marc:datafield tag="050" ind1="0" ind2="0"><marc:subfield code="a">PR468.S6</marc:subfield><marc:subfield code="b">B76 1998</marc:subfield></marc:datafield><marc:datafield tag="082" ind1="0" ind2="0"><marc:subfield code="a">820.9/008/03</marc:subfield><marc:subfield code="a">B</marc:subfield><marc:subfield code="2">21</marc:subfield></marc:datafield><marc:datafield tag="245" ind1="0" ind2="0"><marc:subfield code="a">British reform writers, 1832-1914 /</marc:subfield><marc:subfield code="c">edited by Gary Kelly and Edd Applegate.</marc:subfield></marc:datafield><marc:datafield tag="260" ind1=" " ind2=" "><marc:subfield code="a">Detroit :</marc:subfield><marc:subfield code="b">Gale Research,</marc:subfield><marc:subfield code="c">c1998.</marc:subfield></marc:datafield><marc:datafield tag="300" ind1=" " ind2=" "><marc:subfield code="a">xx, 442 p. :</marc:subfield><marc:subfield code="b">ill. ;</marc:subfield><marc:subfield code="c">29 cm.</marc:subfield></marc:datafield><marc:datafield tag="440" ind1=" " ind2="0"><marc:subfield code="a">Dictionary of literary biography ;</marc:subfield><marc:subfield code="v">v. 190</marc:subfield></marc:datafield><marc:datafield tag="500" ind1=" " ind2=" "><marc:subfield code="a">"A Bruccoli Clark Layman book."</marc:subfield></marc:datafield><marc:datafield tag="504" ind1=" " ind2=" "><marc:subfield code="a">Includes bibliographical references and index.</marc:subfield></marc:datafield><marc:datafield tag="650" ind1=" " ind2="0"><marc:subfield code="a">English literature</marc:subfield><marc:subfield code="y">19th century</marc:subfield><marc:subfield code="x">Bio-bibliography</marc:subfield><marc:subfield code="x">Dictionaries.</marc:subfield></marc:datafield><marc:datafield tag="650" ind1=" " ind2="0"><marc:subfield code="a">Literature and society</marc:subfield><marc:subfield code="z">Great Britain</marc:subfield><marc:subfield code="x">Bio-bibliography</marc:subfield><marc:subfield code="x">Dictionaries.</marc:subfield></marc:datafield><marc:datafield tag="650" ind1=" " ind2="0"><marc:subfield code="a">English literature</marc:subfield><marc:subfield code="y">20th century</marc:subfield><marc:subfield code="x">Bio-bibliography</marc:subfield><marc:subfield code="x">Dictionaries.</marc:subfield></marc:datafield><marc:datafield tag="650" ind1=" " ind2="0"><marc:subfield code="a">Social reformers</marc:subfield><marc:subfield code="z">Great Britain</marc:subfield><marc:subfield code="x">Biography</marc:subfield><marc:subfield code="x">Dictionaries.</marc:subfield></marc:datafield><marc:datafield tag="650" ind1=" " ind2="0"><marc:subfield code="a">Authors, English</marc:subfield><marc:subfield code="y">19th century</marc:subfield><marc:subfield code="x">Biography</marc:subfield><marc:subfield code="x">Dictionaries.</marc:subfield></marc:datafield><marc:datafield tag="650" ind1=" " ind2="0"><marc:subfield code="a">Authors, English</marc:subfield><marc:subfield code="y">20th century</marc:subfield><marc:subfield code="x">Biography</marc:subfield><marc:subfield code="x">Dictionaries.</marc:subfield></marc:datafield><marc:datafield tag="650" ind1=" " ind2="0"><marc:subfield code="a">Reformers</marc:subfield><marc:subfield code="z">Great Britain</marc:subfield><marc:subfield code="x">Biography</marc:subfield><marc:subfield code="x">Dictionaries.</marc:subfield></marc:datafield><marc:datafield tag="650" ind1=" " ind2="0"><marc:subfield code="a">Social problems in literature</marc:subfield><marc:subfield code="x">Dictionaries.</marc:subfield></marc:datafield><marc:datafield tag="700" ind1="1" ind2=" "><marc:subfield code="a">Kelly, Gary.</marc:subfield></marc:datafield><marc:datafield tag="700" ind1="1" ind2=" "><marc:subfield code="a">Applegate, Edd.</marc:subfield></marc:datafield><marc:datafield tag="991" ind1=" " ind2=" "><marc:subfield code="b">c-GenColl</marc:subfield><marc:subfield code="h">PR468.S6</marc:subfield><marc:subfield code="i">B76 1998</marc:subfield><marc:subfield code="t">Copy 1</marc:subfield><marc:subfield code="w">BOOKS</marc:subfield></marc:datafield><marc:datafield tag="991" ind1=" " ind2=" "><marc:subfield code="b">r-MRR</marc:subfield><marc:subfield code="h">PR468.S6</marc:subfield><marc:subfield code="i">B76 1998</marc:subfield><marc:subfield code="t">Copy 1</marc:subfield><marc:subfield code="m">Biog</marc:subfield><marc:subfield code="w">GenBib bi 98-015337</marc:subfield></marc:datafield></marc:record>