<marc:record xmlns:mets="http://www.loc.gov/METS/" xmlns:xsi="http://www.w3.org/2001/XMLSchema-instance" xmlns:marc="http://www.loc.gov/MARC21/slim"><marc:leader>00985cam a2200241 a 4500</marc:leader><marc:controlfield tag="001">15892152</marc:controlfield><marc:controlfield tag="005">20110831150554.0</marc:controlfield><marc:controlfield tag="008">090903s2010    dcua          000 0 eng  </marc:controlfield><marc:datafield tag="906" ind1=" " ind2=" "><marc:subfield code="a">7</marc:subfield><marc:subfield code="b">cbc</marc:subfield><marc:subfield code="c">orignew</marc:subfield><marc:subfield code="d">1</marc:subfield><marc:subfield code="e">ecip</marc:subfield><marc:subfield code="f">20</marc:subfield><marc:subfield code="g">y-gencatlg</marc:subfield></marc:datafield><marc:datafield tag="925" ind1="0" ind2=" "><marc:subfield code="a">acquire</marc:subfield><marc:subfield code="b">2 shelf copies</marc:subfield><marc:subfield code="x">policy default</marc:subfield><marc:subfield code="e">claim1  2010-05-14</marc:subfield></marc:datafield><marc:datafield tag="955" ind1=" " ind2=" "><marc:subfield code="b">re05 2009-09-03</marc:subfield><marc:subfield code="c">re05 2009-09-03</marc:subfield><marc:subfield code="d">re04 2009-09-08 telework</marc:subfield><marc:subfield code="e">re06 2009-09-10 (telework) to dewey</marc:subfield><marc:subfield code="w">rd11 2009-09-11</marc:subfield><marc:subfield code="a">xe14 2011-08-17 2 copies rec'd., to CIP ver.</marc:subfield><marc:subfield code="f">rf17 2011-08-31</marc:subfield></marc:datafield><marc:datafield tag="010" ind1=" " ind2=" "><marc:subfield code="a">  2009036782</marc:subfield></marc:datafield><marc:datafield tag="020" ind1=" " ind2=" "><marc:subfield code="a">9781606171349</marc:subfield></marc:datafield><marc:datafield tag="040" ind1=" " ind2=" "><marc:subfield code="a">DLC</marc:subfield><marc:subfield code="c">DLC</marc:subfield><marc:subfield code="d">DLC</marc:subfield></marc:datafield><marc:datafield tag="050" ind1="0" ind2="0"><marc:subfield code="a">TD794.5</marc:subfield><marc:subfield code="b">.W495 2010</marc:subfield></marc:datafield><marc:datafield tag="082" ind1="0" ind2="0"><marc:subfield code="a">745.58/4</marc:subfield><marc:subfield code="2">22</marc:subfield></marc:datafield><marc:datafield tag="100" ind1="1" ind2=" "><marc:subfield code="a">Williams, Nancy Noel.</marc:subfield></marc:datafield><marc:datafield tag="245" ind1="1" ind2="0"><marc:subfield code="a">Don't lose it, reuse it /</marc:subfield><marc:subfield code="c">Nancy Noel Williams.</marc:subfield></marc:datafield><marc:datafield tag="260" ind1=" " ind2=" "><marc:subfield code="a">Washington, DC :</marc:subfield><marc:subfield code="b">Teaching Strategies,</marc:subfield><marc:subfield code="c">2010.</marc:subfield></marc:datafield><marc:datafield tag="300" ind1=" " ind2=" "><marc:subfield code="a">24 p. :</marc:subfield><marc:subfield code="b">col. ill. ;</marc:subfield><marc:subfield code="c">24 cm.</marc:subfield></marc:datafield><marc:datafield tag="650" ind1=" " ind2="0"><marc:subfield code="a">Recycling (Waste, etc.)</marc:subfield><marc:subfield code="v">Juvenile literature.</marc:subfield></marc:datafield><marc:datafield tag="650" ind1=" " ind2="0"><marc:subfield code="a">Waste minimization</marc:subfield><marc:subfield code="v">Juvenile literature.</marc:subfield></marc:datafield><marc:datafield tag="650" ind1=" " ind2="0"><marc:subfield code="a">Handicraft</marc:subfield><marc:subfield code="v">Juvenile literature.</marc:subfield></marc:datafield></marc:record>