<marc:record xmlns:mets="http://www.loc.gov/METS/" xmlns:xsi="http://www.w3.org/2001/XMLSchema-instance" xmlns:marc="http://www.loc.gov/MARC21/slim"><marc:leader>01070cam a22002778a 4500</marc:leader><marc:controlfield tag="001">16371148</marc:controlfield><marc:controlfield tag="005">20110604102451.0</marc:controlfield><marc:controlfield tag="008">100802s2010    nju    j      000 0 eng  </marc:controlfield><marc:datafield tag="906" ind1=" " ind2=" "><marc:subfield code="a">0</marc:subfield><marc:subfield code="b">vip</marc:subfield><marc:subfield code="c">orignew</marc:subfield><marc:subfield code="d">1</marc:subfield><marc:subfield code="e">ecip</marc:subfield><marc:subfield code="f">20</marc:subfield><marc:subfield code="g">y-gencatlg</marc:subfield></marc:datafield><marc:datafield tag="925" ind1="0" ind2=" "><marc:subfield code="a">acquire</marc:subfield><marc:subfield code="b">2 shelf copies</marc:subfield><marc:subfield code="x">policy default</marc:subfield><marc:subfield code="e">claim1  2011-01-19</marc:subfield></marc:datafield><marc:datafield tag="955" ind1=" " ind2=" "><marc:subfield code="b">rc14 2010-08-02;</marc:subfield><marc:subfield code="c">rc14 2010-08-02 to Subj.</marc:subfield><marc:subfield code="d">rc15 2010-08-02 to Dewey</marc:subfield><marc:subfield code="w">rd06 2010-08-03</marc:subfield><marc:subfield code="a">fd50 2011-06-04 1 copy rec'd., to CIP ver.</marc:subfield></marc:datafield><marc:datafield tag="010" ind1=" " ind2=" "><marc:subfield code="a">  2010032386</marc:subfield></marc:datafield><marc:datafield tag="020" ind1=" " ind2=" "><marc:subfield code="a">9781609050405</marc:subfield></marc:datafield><marc:datafield tag="040" ind1=" " ind2=" "><marc:subfield code="a">DLC</marc:subfield><marc:subfield code="c">DLC</marc:subfield></marc:datafield><marc:datafield tag="050" ind1="0" ind2="0"><marc:subfield code="a">NC1764.8.M65</marc:subfield><marc:subfield code="b">H47 2010</marc:subfield></marc:datafield><marc:datafield tag="082" ind1="0" ind2="0"><marc:subfield code="a">741.5/37</marc:subfield><marc:subfield code="2">22</marc:subfield></marc:datafield><marc:datafield tag="100" ind1="1" ind2=" "><marc:subfield code="a">Herrod, Mike.</marc:subfield></marc:datafield><marc:datafield tag="245" ind1="1" ind2="0"><marc:subfield code="a">Monster comics /</marc:subfield><marc:subfield code="c">by Mike Herrod.</marc:subfield></marc:datafield><marc:datafield tag="250" ind1=" " ind2=" "><marc:subfield code="a">1st ed.</marc:subfield></marc:datafield><marc:datafield tag="260" ind1=" " ind2=" "><marc:subfield code="a">Maplewood, NJ :</marc:subfield><marc:subfield code="b">Blue Apple Books,</marc:subfield><marc:subfield code="c">2010.</marc:subfield></marc:datafield><marc:datafield tag="263" ind1=" " ind2=" "><marc:subfield code="a">1111</marc:subfield></marc:datafield><marc:datafield tag="300" ind1=" " ind2=" "><marc:subfield code="a">p. cm.</marc:subfield></marc:datafield><marc:datafield tag="650" ind1=" " ind2="0"><marc:subfield code="a">Monsters in art</marc:subfield><marc:subfield code="v">Juvenile literature.</marc:subfield></marc:datafield><marc:datafield tag="650" ind1=" " ind2="0"><marc:subfield code="a">Comic books, strips, etc.</marc:subfield><marc:subfield code="x">Technique</marc:subfield><marc:subfield code="v">Juvenile literature.</marc:subfield></marc:datafield><marc:datafield tag="650" ind1=" " ind2="0"><marc:subfield code="a">Cartooning</marc:subfield><marc:subfield code="x">Technique</marc:subfield><marc:subfield code="v">Juvenile literature.</marc:subfield></marc:datafield><marc:datafield tag="963" ind1=" " ind2=" "><marc:subfield code="a">Alicia Duran; phone: 973-763-8191; email: alicia@blueapplebooks.com; bc: alicia@blueapplebooks.com</marc:subfield></marc:datafield></marc:record>