<marc:record xmlns:mets="http://www.loc.gov/METS/" xmlns:xsi="http://www.w3.org/2001/XMLSchema-instance" xmlns:marc="http://www.loc.gov/MARC21/slim"><marc:leader>03037cam a2200385 a 4500</marc:leader><marc:controlfield tag="001">15598597</marc:controlfield><marc:controlfield tag="005">20110408095207.0</marc:controlfield><marc:controlfield tag="008">090126s2009    miu    j b    001 0 eng  </marc:controlfield><marc:datafield tag="906" ind1=" " ind2=" "><marc:subfield code="a">7</marc:subfield><marc:subfield code="b">cbc</marc:subfield><marc:subfield code="c">orignew</marc:subfield><marc:subfield code="d">1</marc:subfield><marc:subfield code="e">ecip</marc:subfield><marc:subfield code="f">20</marc:subfield><marc:subfield code="g">y-gencatlg</marc:subfield></marc:datafield><marc:datafield tag="925" ind1="0" ind2=" "><marc:subfield code="a">acquire</marc:subfield><marc:subfield code="b">2 shelf copies</marc:subfield><marc:subfield code="x">policy default</marc:subfield></marc:datafield><marc:datafield tag="955" ind1=" " ind2=" "><marc:subfield code="a">hh07 2009-01-26</marc:subfield><marc:subfield code="c">hh07 2009-01-26</marc:subfield><marc:subfield code="d">rf04 2009-01-30 to SL</marc:subfield><marc:subfield code="e">rf09 2009-01-30 to Dewey</marc:subfield><marc:subfield code="a">rd05 2009-02-02;</marc:subfield><marc:subfield code="a">xe05 2009-08-26  bk rec'd, to CIP ver.</marc:subfield><marc:subfield code="f">rg04 2009-08-28 to CALM</marc:subfield><marc:subfield code="a">Barcode 00240024019 returned from bindery 2009-08-28</marc:subfield></marc:datafield><marc:datafield tag="010" ind1=" " ind2=" "><marc:subfield code="a">  2009003286</marc:subfield></marc:datafield><marc:datafield tag="020" ind1=" " ind2=" "><marc:subfield code="a">9780737743081</marc:subfield></marc:datafield><marc:datafield tag="020" ind1=" " ind2=" "><marc:subfield code="a">0737743085</marc:subfield></marc:datafield><marc:datafield tag="020" ind1=" " ind2=" "><marc:subfield code="a">9780737743074 (pbk.)</marc:subfield></marc:datafield><marc:datafield tag="040" ind1=" " ind2=" "><marc:subfield code="a">DLC</marc:subfield><marc:subfield code="c">DLC</marc:subfield><marc:subfield code="d">DLC</marc:subfield></marc:datafield><marc:datafield tag="043" ind1=" " ind2=" "><marc:subfield code="a">n-us---</marc:subfield><marc:subfield code="a">a-ir---</marc:subfield><marc:subfield code="a">a-kn---</marc:subfield><marc:subfield code="a">a-pk---</marc:subfield></marc:datafield><marc:datafield tag="050" ind1="0" ind2="0"><marc:subfield code="a">JZ5675</marc:subfield><marc:subfield code="b">.N856 2009</marc:subfield></marc:datafield><marc:datafield tag="082" ind1="0" ind2="0"><marc:subfield code="a">327.1/747</marc:subfield><marc:subfield code="2">22</marc:subfield></marc:datafield><marc:datafield tag="245" ind1="0" ind2="0"><marc:subfield code="a">Nuclear weapons /</marc:subfield><marc:subfield code="c">Louise I. Gerdes, book editor.</marc:subfield></marc:datafield><marc:datafield tag="260" ind1=" " ind2=" "><marc:subfield code="a">Detroit :</marc:subfield><marc:subfield code="b">Greenhaven Press,</marc:subfield><marc:subfield code="c">c2009.</marc:subfield></marc:datafield><marc:datafield tag="300" ind1=" " ind2=" "><marc:subfield code="a">118 p. ;</marc:subfield><marc:subfield code="c">24 cm.</marc:subfield></marc:datafield><marc:datafield tag="490" ind1="0" ind2=" "><marc:subfield code="a">At issue</marc:subfield></marc:datafield><marc:datafield tag="504" ind1=" " ind2=" "><marc:subfield code="a">Includes bibliographical references (p. 105-111) and index.</marc:subfield></marc:datafield><marc:datafield tag="505" ind1="0" ind2=" "><marc:subfield code="a">The proliferation of nuclear weapons is a serious problem / Conn Hallinan -- Iran poses a serious nuclear threat / Economist -- The United States can manage a nuclear Iran / Barry R. Posen -- The United States should attack Iran to prevent its use of nuclear weapons / Norman Podhoretz -- Strong sanctions will prevent Iran from pursuing nuclear weapons / Ivo H. Daalder and Philip H. Gordon -- Israel may preemptively strike Iran to prevent its use of nuclear weapons / Peter Brooks -- Israel should not preemptively strike Iran / Bermard Avishai and Reza Aslan -- North Korea is taking steps to end its nuclear weapons program / George W. Bush -- Some believe North Korea's efforts to end its nuclear weapons program are inadequate / Jayshree Bajoria -- Pakistan's nuclear proliferation poses a serious global threat / Amy Goodman -- The United States can contain nuclear proliferation in Pakistan / Michael Krepon -- The threat of nuclear terrorism is real / Matthew Bunn -- Fears that terrorists will obtain nuclear weapons are misplaced -- Sonia Ben Ouagrham-Gormley -- The United States should aggressively promote nuclear disarmament / George P. Shultz, William J. Perry, Henry A Kissinger, and Sam Nunn -- The United States should resurrect the comprehensive test-ban treaty / Michael O'Hanlon.</marc:subfield></marc:datafield><marc:datafield tag="650" ind1=" " ind2="0"><marc:subfield code="a">Nuclear nonproliferation</marc:subfield><marc:subfield code="v">Juvenile literature.</marc:subfield></marc:datafield><marc:datafield tag="650" ind1=" " ind2="0"><marc:subfield code="a">Nuclear nonproliferation</marc:subfield><marc:subfield code="x">Government policy</marc:subfield><marc:subfield code="z">United States</marc:subfield><marc:subfield code="v">Juvenile literature.</marc:subfield></marc:datafield><marc:datafield tag="650" ind1=" " ind2="0"><marc:subfield code="a">Nuclear arms control</marc:subfield><marc:subfield code="x">Government policy</marc:subfield><marc:subfield code="z">United States</marc:subfield><marc:subfield code="v">Juvenile literature.</marc:subfield></marc:datafield><marc:datafield tag="650" ind1=" " ind2="0"><marc:subfield code="a">Nuclear nonproliferation</marc:subfield><marc:subfield code="z">Iran</marc:subfield><marc:subfield code="v">Juvenile literature.</marc:subfield></marc:datafield><marc:datafield tag="650" ind1=" " ind2="0"><marc:subfield code="a">Nuclear arms control</marc:subfield><marc:subfield code="z">Iran</marc:subfield><marc:subfield code="v">Juvenile literature.</marc:subfield></marc:datafield><marc:datafield tag="650" ind1=" " ind2="0"><marc:subfield code="a">Nuclear nonproliferation</marc:subfield><marc:subfield code="z">North Korea</marc:subfield><marc:subfield code="v">Juvenile literature.</marc:subfield></marc:datafield><marc:datafield tag="650" ind1=" " ind2="0"><marc:subfield code="a">Nuclear arms control</marc:subfield><marc:subfield code="z">North Korea</marc:subfield><marc:subfield code="v">Juvenile literature.</marc:subfield></marc:datafield><marc:datafield tag="650" ind1=" " ind2="0"><marc:subfield code="a">Nuclear nonproliferation</marc:subfield><marc:subfield code="z">Pakistan</marc:subfield><marc:subfield code="v">Juvenile literature.</marc:subfield></marc:datafield><marc:datafield tag="650" ind1=" " ind2="0"><marc:subfield code="a">Nuclear arms control</marc:subfield><marc:subfield code="z">Pakistan</marc:subfield><marc:subfield code="v">Juvenile literature.</marc:subfield></marc:datafield><marc:datafield tag="700" ind1="1" ind2=" "><marc:subfield code="a">Gerdes, Louise I.,</marc:subfield><marc:subfield code="d">1953-</marc:subfield></marc:datafield></marc:record>