<marc:record xmlns:mets="http://www.loc.gov/METS/" xmlns:xsi="http://www.w3.org/2001/XMLSchema-instance" xmlns:marc="http://www.loc.gov/MARC21/slim"><marc:leader>01708cam a2200337 a 4500</marc:leader><marc:controlfield tag="001">15727629</marc:controlfield><marc:controlfield tag="005">20100326143837.0</marc:controlfield><marc:controlfield tag="008">090507s2009    flua   j b    001 0deng  </marc:controlfield><marc:datafield tag="906" ind1=" " ind2=" "><marc:subfield code="a">7</marc:subfield><marc:subfield code="b">cbc</marc:subfield><marc:subfield code="c">orignew</marc:subfield><marc:subfield code="d">1</marc:subfield><marc:subfield code="e">ecip</marc:subfield><marc:subfield code="f">20</marc:subfield><marc:subfield code="g">y-gencatlg</marc:subfield></marc:datafield><marc:datafield tag="925" ind1="0" ind2=" "><marc:subfield code="a">acquire</marc:subfield><marc:subfield code="b">1 shelf copy</marc:subfield><marc:subfield code="x">policy default</marc:subfield></marc:datafield><marc:datafield tag="955" ind1=" " ind2=" "><marc:subfield code="a">rf05 2009-05-07</marc:subfield><marc:subfield code="c">rf05 2009-05-07 telework to subj</marc:subfield><marc:subfield code="d">rf04 2009-05-11 to SL</marc:subfield><marc:subfield code="e">rf07 2009-05-12 (telework) to Dewey</marc:subfield><marc:subfield code="a">rd08 2009-05-12</marc:subfield><marc:subfield code="a">xe12 2009-12-10 1 copy rec'd., to CIP ver.</marc:subfield><marc:subfield code="f">rc10 2010-01-15 to BCCD</marc:subfield><marc:subfield code="a">Barcode 00240280425 returned from bindery 2010-03-26</marc:subfield></marc:datafield><marc:datafield tag="010" ind1=" " ind2=" "><marc:subfield code="a">  2009019082</marc:subfield></marc:datafield><marc:datafield tag="020" ind1=" " ind2=" "><marc:subfield code="a">9781561644599 (pbk. : alk. paper)</marc:subfield></marc:datafield><marc:datafield tag="040" ind1=" " ind2=" "><marc:subfield code="a">DLC</marc:subfield><marc:subfield code="c">DLC</marc:subfield><marc:subfield code="d">DLC</marc:subfield></marc:datafield><marc:datafield tag="043" ind1=" " ind2=" "><marc:subfield code="a">n-us-nc</marc:subfield><marc:subfield code="a">n-us-sc</marc:subfield></marc:datafield><marc:datafield tag="050" ind1="0" ind2="0"><marc:subfield code="a">F262.A84</marc:subfield><marc:subfield code="b">Z47 2009</marc:subfield></marc:datafield><marc:datafield tag="082" ind1="0" ind2="0"><marc:subfield code="a">910.4/5</marc:subfield><marc:subfield code="2">22</marc:subfield></marc:datafield><marc:datafield tag="100" ind1="1" ind2=" "><marc:subfield code="a">Zepke, Terrance,</marc:subfield><marc:subfield code="d">1966-</marc:subfield></marc:datafield><marc:datafield tag="245" ind1="1" ind2="0"><marc:subfield code="a">Pirates of the Carolinas for kids /</marc:subfield><marc:subfield code="c">Terrance Zepke.</marc:subfield></marc:datafield><marc:datafield tag="250" ind1=" " ind2=" "><marc:subfield code="a">1st ed.</marc:subfield></marc:datafield><marc:datafield tag="260" ind1=" " ind2=" "><marc:subfield code="a">Sarasota, FL :</marc:subfield><marc:subfield code="b">Pineapple Press,</marc:subfield><marc:subfield code="c">c2009.</marc:subfield></marc:datafield><marc:datafield tag="300" ind1=" " ind2=" "><marc:subfield code="a">71 p. :</marc:subfield><marc:subfield code="b">ill. (some col.) ;</marc:subfield><marc:subfield code="c">26 cm.</marc:subfield></marc:datafield><marc:datafield tag="504" ind1=" " ind2=" "><marc:subfield code="a">Includes bibliographical references and index.</marc:subfield></marc:datafield><marc:datafield tag="650" ind1=" " ind2="0"><marc:subfield code="a">Pirates</marc:subfield><marc:subfield code="z">North Carolina</marc:subfield><marc:subfield code="z">Atlantic Coast</marc:subfield><marc:subfield code="x">History</marc:subfield><marc:subfield code="v">Juvenile literature.</marc:subfield></marc:datafield><marc:datafield tag="650" ind1=" " ind2="0"><marc:subfield code="a">Pirates</marc:subfield><marc:subfield code="z">South Carolina</marc:subfield><marc:subfield code="z">Atlantic Coast</marc:subfield><marc:subfield code="x">History</marc:subfield><marc:subfield code="v">Juvenile literature.</marc:subfield></marc:datafield><marc:datafield tag="650" ind1=" " ind2="0"><marc:subfield code="a">Pirates</marc:subfield><marc:subfield code="z">North Carolina</marc:subfield><marc:subfield code="z">Atlantic Coast</marc:subfield><marc:subfield code="v">Biography</marc:subfield><marc:subfield code="v">Juvenile literature.</marc:subfield></marc:datafield><marc:datafield tag="650" ind1=" " ind2="0"><marc:subfield code="a">Pirates</marc:subfield><marc:subfield code="z">South Carolina</marc:subfield><marc:subfield code="z">Atlantic Coast</marc:subfield><marc:subfield code="v">Biography</marc:subfield><marc:subfield code="v">Juvenile literature.</marc:subfield></marc:datafield><marc:datafield tag="651" ind1=" " ind2="0"><marc:subfield code="a">Atlantic Coast (N.C.)</marc:subfield><marc:subfield code="x">History, Naval</marc:subfield><marc:subfield code="v">Juvenile literature.</marc:subfield></marc:datafield><marc:datafield tag="651" ind1=" " ind2="0"><marc:subfield code="a">Atlantic Coast (S.C.)</marc:subfield><marc:subfield code="x">History, Naval</marc:subfield><marc:subfield code="v">Juvenile literature.</marc:subfield></marc:datafield><marc:datafield tag="651" ind1=" " ind2="0"><marc:subfield code="a">North Carolina</marc:subfield><marc:subfield code="x">History</marc:subfield><marc:subfield code="y">Colonial period, ca. 1600-1775</marc:subfield><marc:subfield code="v">Juvenile literature.</marc:subfield></marc:datafield><marc:datafield tag="651" ind1=" " ind2="0"><marc:subfield code="a">South Carolina</marc:subfield><marc:subfield code="x">History</marc:subfield><marc:subfield code="y">Colonial period, ca. 1600-1775</marc:subfield><marc:subfield code="v">Juvenile literature.</marc:subfield></marc:datafield></marc:record>