<marc:record xmlns:mets="http://www.loc.gov/METS/" xmlns:xsi="http://www.w3.org/2001/XMLSchema-instance" xmlns:marc="http://www.loc.gov/MARC21/slim"><marc:leader>01844cam a22003614a 4500</marc:leader><marc:controlfield tag="001">15299903</marc:controlfield><marc:controlfield tag="005">20091015102409.0</marc:controlfield><marc:controlfield tag="008">080521s2009    deua   j b    001 0beng  </marc:controlfield><marc:datafield tag="906" ind1=" " ind2=" "><marc:subfield code="a">7</marc:subfield><marc:subfield code="b">cbc</marc:subfield><marc:subfield code="c">orignew</marc:subfield><marc:subfield code="d">1</marc:subfield><marc:subfield code="e">ecip</marc:subfield><marc:subfield code="f">20</marc:subfield><marc:subfield code="g">y-gencatlg</marc:subfield></marc:datafield><marc:datafield tag="925" ind1="0" ind2=" "><marc:subfield code="a">acquire</marc:subfield><marc:subfield code="b">1 shelf copy</marc:subfield><marc:subfield code="x">policy default</marc:subfield></marc:datafield><marc:datafield tag="955" ind1=" " ind2=" "><marc:subfield code="a">lk29 2008-05-21</marc:subfield><marc:subfield code="i">lk29 2008-05-21 to SL</marc:subfield><marc:subfield code="e">lk53 2008-05-21 to Dewey</marc:subfield><marc:subfield code="a">aa17 2008-05-23</marc:subfield><marc:subfield code="a">xe05 2009-10-01 1 copy rec'd., to CIP ver.</marc:subfield><marc:subfield code="f">re06 2009-10-15 (telework) to BCCD</marc:subfield></marc:datafield><marc:datafield tag="010" ind1=" " ind2=" "><marc:subfield code="a">  2008020927</marc:subfield></marc:datafield><marc:datafield tag="020" ind1=" " ind2=" "><marc:subfield code="a">9781584156666 (library bound)</marc:subfield></marc:datafield><marc:datafield tag="040" ind1=" " ind2=" "><marc:subfield code="a">DLC</marc:subfield><marc:subfield code="c">DLC</marc:subfield><marc:subfield code="d">DLC</marc:subfield></marc:datafield><marc:datafield tag="043" ind1=" " ind2=" "><marc:subfield code="a">n-us-al</marc:subfield></marc:datafield><marc:datafield tag="050" ind1="0" ind2="0"><marc:subfield code="a">F334.M753</marc:subfield><marc:subfield code="b">P3885 2009</marc:subfield></marc:datafield><marc:datafield tag="082" ind1="0" ind2="0"><marc:subfield code="a">323.092</marc:subfield><marc:subfield code="a">B</marc:subfield><marc:subfield code="2">22</marc:subfield></marc:datafield><marc:datafield tag="100" ind1="1" ind2=" "><marc:subfield code="a">Tracy, Kathleen.</marc:subfield></marc:datafield><marc:datafield tag="245" ind1="1" ind2="4"><marc:subfield code="a">The life and times of Rosa Parks /</marc:subfield><marc:subfield code="c">by Kathleen Tracy.</marc:subfield></marc:datafield><marc:datafield tag="260" ind1=" " ind2=" "><marc:subfield code="a">Hockessin, Del. :</marc:subfield><marc:subfield code="b">Mitchell Lane Publishers,</marc:subfield><marc:subfield code="c">c2009.</marc:subfield></marc:datafield><marc:datafield tag="300" ind1=" " ind2=" "><marc:subfield code="a">48 p. :</marc:subfield><marc:subfield code="b">ill. ;</marc:subfield><marc:subfield code="c">24 cm.</marc:subfield></marc:datafield><marc:datafield tag="490" ind1="0" ind2=" "><marc:subfield code="a">Profiles in American history</marc:subfield></marc:datafield><marc:datafield tag="504" ind1=" " ind2=" "><marc:subfield code="a">Includes bibliographical references and index.</marc:subfield></marc:datafield><marc:datafield tag="600" ind1="1" ind2="0"><marc:subfield code="a">Parks, Rosa,</marc:subfield><marc:subfield code="d">1913-2005</marc:subfield><marc:subfield code="v">Juvenile literature.</marc:subfield></marc:datafield><marc:datafield tag="650" ind1=" " ind2="0"><marc:subfield code="a">African American women</marc:subfield><marc:subfield code="z">Alabama</marc:subfield><marc:subfield code="z">Montgomery</marc:subfield><marc:subfield code="v">Biography</marc:subfield><marc:subfield code="v">Juvenile literature.</marc:subfield></marc:datafield><marc:datafield tag="650" ind1=" " ind2="0"><marc:subfield code="a">African Americans</marc:subfield><marc:subfield code="z">Alabama</marc:subfield><marc:subfield code="z">Montgomery</marc:subfield><marc:subfield code="v">Biography</marc:subfield><marc:subfield code="v">Juvenile literature.</marc:subfield></marc:datafield><marc:datafield tag="650" ind1=" " ind2="0"><marc:subfield code="a">Civil rights workers</marc:subfield><marc:subfield code="z">Alabama</marc:subfield><marc:subfield code="z">Montgomery</marc:subfield><marc:subfield code="v">Biography</marc:subfield><marc:subfield code="v">Juvenile literature.</marc:subfield></marc:datafield><marc:datafield tag="650" ind1=" " ind2="0"><marc:subfield code="a">African Americans</marc:subfield><marc:subfield code="x">Civil rights</marc:subfield><marc:subfield code="z">Alabama</marc:subfield><marc:subfield code="z">Montgomery</marc:subfield><marc:subfield code="x">History</marc:subfield><marc:subfield code="y">20th century</marc:subfield><marc:subfield code="v">Juvenile literature.</marc:subfield></marc:datafield><marc:datafield tag="650" ind1=" " ind2="0"><marc:subfield code="a">Montgomery Bus Boycott, Montgomery, Ala., 1955-1956</marc:subfield><marc:subfield code="v">Juvenile literature.</marc:subfield></marc:datafield><marc:datafield tag="650" ind1=" " ind2="0"><marc:subfield code="a">Segregation in transportation</marc:subfield><marc:subfield code="z">Alabama</marc:subfield><marc:subfield code="z">Montgomery</marc:subfield><marc:subfield code="x">History</marc:subfield><marc:subfield code="y">20th century</marc:subfield><marc:subfield code="v">Juvenile literature.</marc:subfield></marc:datafield><marc:datafield tag="651" ind1=" " ind2="0"><marc:subfield code="a">Montgomery (Ala.)</marc:subfield><marc:subfield code="x">Race relations</marc:subfield><marc:subfield code="x">History</marc:subfield><marc:subfield code="y">20th century</marc:subfield><marc:subfield code="v">Juvenile literature.</marc:subfield></marc:datafield><marc:datafield tag="651" ind1=" " ind2="0"><marc:subfield code="a">Montgomery (Ala.)</marc:subfield><marc:subfield code="v">Biography</marc:subfield><marc:subfield code="v">Juvenile literature.</marc:subfield></marc:datafield><marc:datafield tag="856" ind1="4" ind2="1"><marc:subfield code="3">Table of contents only</marc:subfield><marc:subfield code="u">http://www.loc.gov/catdir/toc/ecip0818/2008020927.html</marc:subfield></marc:datafield></marc:record>