<marc:record xmlns:mets="http://www.loc.gov/METS/" xmlns:xsi="http://www.w3.org/2001/XMLSchema-instance" xmlns:marc="http://www.loc.gov/MARC21/slim"><marc:leader>02084cam a22004094a 4500</marc:leader><marc:controlfield tag="001">15598371</marc:controlfield><marc:controlfield tag="005">20090714102910.0</marc:controlfield><marc:controlfield tag="008">090126s2009    waub   j b    000 0beng  </marc:controlfield><marc:datafield tag="906" ind1=" " ind2=" "><marc:subfield code="a">7</marc:subfield><marc:subfield code="b">cbc</marc:subfield><marc:subfield code="c">orignew</marc:subfield><marc:subfield code="d">1</marc:subfield><marc:subfield code="e">ecip</marc:subfield><marc:subfield code="f">20</marc:subfield><marc:subfield code="g">y-gencatlg</marc:subfield></marc:datafield><marc:datafield tag="925" ind1="0" ind2=" "><marc:subfield code="a">acquire</marc:subfield><marc:subfield code="b">1 shelf copy</marc:subfield><marc:subfield code="x">policy default</marc:subfield></marc:datafield><marc:datafield tag="955" ind1=" " ind2=" "><marc:subfield code="a">rf04 2009-01-26</marc:subfield><marc:subfield code="i">rf04 2009-01-26 to SL</marc:subfield><marc:subfield code="e">rf06 2009-01-26 to Dewey</marc:subfield><marc:subfield code="a">rd05 2009-01-26</marc:subfield><marc:subfield code="a">xe03 2009-05-07 1 copy rec'd., to CIP ver.</marc:subfield><marc:subfield code="f">rg07 2009-05-29 (telework)</marc:subfield><marc:subfield code="a">Barcode 00239784045 returned from bindery 2009-07-14</marc:subfield></marc:datafield><marc:datafield tag="010" ind1=" " ind2=" "><marc:subfield code="a">  2009003019</marc:subfield></marc:datafield><marc:datafield tag="020" ind1=" " ind2=" "><marc:subfield code="a">9781576584750 (pbk.)</marc:subfield></marc:datafield><marc:datafield tag="020" ind1=" " ind2=" "><marc:subfield code="a">1576584755</marc:subfield></marc:datafield><marc:datafield tag="035" ind1=" " ind2=" "><marc:subfield code="a">(OCoLC)ocn300031148</marc:subfield></marc:datafield><marc:datafield tag="040" ind1=" " ind2=" "><marc:subfield code="a">DLC</marc:subfield><marc:subfield code="c">DLC</marc:subfield><marc:subfield code="d">BTCTA</marc:subfield><marc:subfield code="d">DRU</marc:subfield><marc:subfield code="d">DLC</marc:subfield></marc:datafield><marc:datafield tag="043" ind1=" " ind2=" "><marc:subfield code="a">n-us---</marc:subfield><marc:subfield code="a">a-ja---</marc:subfield></marc:datafield><marc:datafield tag="050" ind1="0" ind2="0"><marc:subfield code="a">D805.J3</marc:subfield><marc:subfield code="b">B36 2009</marc:subfield></marc:datafield><marc:datafield tag="082" ind1="0" ind2="0"><marc:subfield code="a">940.54/2521674092</marc:subfield><marc:subfield code="a">B</marc:subfield><marc:subfield code="2">22</marc:subfield></marc:datafield><marc:datafield tag="100" ind1="1" ind2=" "><marc:subfield code="a">Benge, Janet,</marc:subfield><marc:subfield code="d">1958-</marc:subfield></marc:datafield><marc:datafield tag="245" ind1="1" ind2="0"><marc:subfield code="a">Jacob Deshazer :</marc:subfield><marc:subfield code="b">forgive your enemies /</marc:subfield><marc:subfield code="c">Janet &amp; Geoff Benge.</marc:subfield></marc:datafield><marc:datafield tag="260" ind1=" " ind2=" "><marc:subfield code="a">Seattle, WA :</marc:subfield><marc:subfield code="b">YWAM Pub.,</marc:subfield><marc:subfield code="c">c2009.</marc:subfield></marc:datafield><marc:datafield tag="300" ind1=" " ind2=" "><marc:subfield code="a">221 p. :</marc:subfield><marc:subfield code="b">map ;</marc:subfield><marc:subfield code="c">21 cm.</marc:subfield></marc:datafield><marc:datafield tag="490" ind1="1" ind2=" "><marc:subfield code="a">Christian heroes: Then &amp; now</marc:subfield></marc:datafield><marc:datafield tag="500" ind1=" " ind2=" "><marc:subfield code="a">"Unless otherwise noted, Scripture quotations are taken from the Revised Standard Version of the Bible by the Divsion of Christian Education of the National Council of the Churches of Christ in the U.S.A.."--T.p.verso.</marc:subfield></marc:datafield><marc:datafield tag="504" ind1=" " ind2=" "><marc:subfield code="a">Includes bibliographical references (p. 220-221).</marc:subfield></marc:datafield><marc:datafield tag="600" ind1="1" ind2="0"><marc:subfield code="a">DeShazer, Jacob,</marc:subfield><marc:subfield code="d">1912-2008</marc:subfield><marc:subfield code="v">Juvenile literature.</marc:subfield></marc:datafield><marc:datafield tag="650" ind1=" " ind2="0"><marc:subfield code="a">World War, 1939-1945</marc:subfield><marc:subfield code="x">Prisoners and prisons, Japanese</marc:subfield><marc:subfield code="v">Juvenile literature.</marc:subfield></marc:datafield><marc:datafield tag="650" ind1=" " ind2="0"><marc:subfield code="a">World War, 1939-1945</marc:subfield><marc:subfield code="x">Aerial operations, American</marc:subfield><marc:subfield code="v">Juvenile literature.</marc:subfield></marc:datafield><marc:datafield tag="650" ind1=" " ind2="0"><marc:subfield code="a">World War, 1939-1945</marc:subfield><marc:subfield code="x">Campaigns</marc:subfield><marc:subfield code="z">Japan</marc:subfield><marc:subfield code="v">Juvenile literature.</marc:subfield></marc:datafield><marc:datafield tag="650" ind1=" " ind2="0"><marc:subfield code="a">Prisoners of war</marc:subfield><marc:subfield code="z">Japan</marc:subfield><marc:subfield code="v">Biography</marc:subfield><marc:subfield code="v">Juvenile literature.</marc:subfield></marc:datafield><marc:datafield tag="650" ind1=" " ind2="0"><marc:subfield code="a">Prisoners of war</marc:subfield><marc:subfield code="z">United States</marc:subfield><marc:subfield code="v">Biography</marc:subfield><marc:subfield code="v">Juvenile literature.</marc:subfield></marc:datafield><marc:datafield tag="650" ind1=" " ind2="0"><marc:subfield code="a">Missionaries</marc:subfield><marc:subfield code="z">United States</marc:subfield><marc:subfield code="v">Biography</marc:subfield><marc:subfield code="v">Juvenile literature.</marc:subfield></marc:datafield><marc:datafield tag="650" ind1=" " ind2="0"><marc:subfield code="a">Missionaries</marc:subfield><marc:subfield code="z">Japan</marc:subfield><marc:subfield code="v">Biography</marc:subfield><marc:subfield code="v">Juvenile literature.</marc:subfield></marc:datafield><marc:datafield tag="650" ind1=" " ind2="0"><marc:subfield code="a">Forgiveness</marc:subfield><marc:subfield code="x">Religious aspects</marc:subfield><marc:subfield code="x">Christianity</marc:subfield><marc:subfield code="v">Juvenile literature.</marc:subfield></marc:datafield><marc:datafield tag="700" ind1="1" ind2=" "><marc:subfield code="a">Benge, Geoff,</marc:subfield><marc:subfield code="d">1954-</marc:subfield></marc:datafield><marc:datafield tag="830" ind1=" " ind2="0"><marc:subfield code="a">Christian heroes, then &amp; now.</marc:subfield></marc:datafield></marc:record>