<marc:record xmlns:mets="http://www.loc.gov/METS/" xmlns:xsi="http://www.w3.org/2001/XMLSchema-instance" xmlns:marc="http://www.loc.gov/MARC21/slim"><marc:leader>02144cam a2200409 a 4500</marc:leader><marc:controlfield tag="001">15373751</marc:controlfield><marc:controlfield tag="005">20091202134010.0</marc:controlfield><marc:controlfield tag="008">080721s2009    nyu    j b    001 0 eng  </marc:controlfield><marc:datafield tag="906" ind1=" " ind2=" "><marc:subfield code="a">7</marc:subfield><marc:subfield code="b">cbc</marc:subfield><marc:subfield code="c">orignew</marc:subfield><marc:subfield code="d">1</marc:subfield><marc:subfield code="e">ecip</marc:subfield><marc:subfield code="f">20</marc:subfield><marc:subfield code="g">y-gencatlg</marc:subfield></marc:datafield><marc:datafield tag="925" ind1="0" ind2=" "><marc:subfield code="a">acquire</marc:subfield><marc:subfield code="b">2 shelf copies</marc:subfield><marc:subfield code="x">policy default Sel/fsl 2009-03-12</marc:subfield></marc:datafield><marc:datafield tag="955" ind1=" " ind2=" "><marc:subfield code="a">lh46 2008-07-21</marc:subfield><marc:subfield code="c">lh46 2008-07-21 (telework) to subj.</marc:subfield><marc:subfield code="d">lh39 2008-07-29</marc:subfield><marc:subfield code="e">lh39 2008-07-31 to Dewey</marc:subfield><marc:subfield code="a">aa20 2008-08-04</marc:subfield><marc:subfield code="a">xe10 2009-03-11 v 1 - 4 rec'd., to CIP ver.</marc:subfield><marc:subfield code="f">rg05 2009-03-20</marc:subfield><marc:subfield code="g">rg05 2009-03-23 to BCCD</marc:subfield><marc:subfield code="t">rc11 2009-12-02 copy 2 added</marc:subfield></marc:datafield><marc:datafield tag="010" ind1=" " ind2=" "><marc:subfield code="a">  2008032030</marc:subfield></marc:datafield><marc:datafield tag="020" ind1=" " ind2=" "><marc:subfield code="a">9781604130294 (v. 1 : acid-free paper)</marc:subfield></marc:datafield><marc:datafield tag="020" ind1=" " ind2=" "><marc:subfield code="a">9781604130300 (v. 2 : acid-free paper)</marc:subfield></marc:datafield><marc:datafield tag="020" ind1=" " ind2=" "><marc:subfield code="a">9781604130317 (v. 3 : acid-free paper)</marc:subfield></marc:datafield><marc:datafield tag="020" ind1=" " ind2=" "><marc:subfield code="a">9781604130324 (v. 4 : acid-free paper)</marc:subfield></marc:datafield><marc:datafield tag="040" ind1=" " ind2=" "><marc:subfield code="a">DLC</marc:subfield><marc:subfield code="c">DLC</marc:subfield><marc:subfield code="d">DLC</marc:subfield></marc:datafield><marc:datafield tag="043" ind1=" " ind2=" "><marc:subfield code="a">n-us---</marc:subfield></marc:datafield><marc:datafield tag="050" ind1="0" ind2="0"><marc:subfield code="a">Z1019</marc:subfield><marc:subfield code="b">.O84 2009</marc:subfield></marc:datafield><marc:datafield tag="082" ind1="0" ind2="0"><marc:subfield code="a">098/.1</marc:subfield><marc:subfield code="2">22</marc:subfield></marc:datafield><marc:datafield tag="100" ind1="1" ind2=" "><marc:subfield code="a">Otfinoski, Steven.</marc:subfield></marc:datafield><marc:datafield tag="245" ind1="1" ind2="0"><marc:subfield code="a">Our freedom to read /</marc:subfield><marc:subfield code="c">Steven Otfinoski.</marc:subfield></marc:datafield><marc:datafield tag="260" ind1=" " ind2=" "><marc:subfield code="a">New York :</marc:subfield><marc:subfield code="b">Chelsea House Publishers,</marc:subfield><marc:subfield code="c">2009.</marc:subfield></marc:datafield><marc:datafield tag="300" ind1=" " ind2=" "><marc:subfield code="a">4 v. ;</marc:subfield><marc:subfield code="c">24 cm.</marc:subfield></marc:datafield><marc:datafield tag="504" ind1=" " ind2=" "><marc:subfield code="a">Includes bibliographical references and indexes.</marc:subfield></marc:datafield><marc:datafield tag="505" ind1="0" ind2=" "><marc:subfield code="a">[1] Classic books -- [2] Coming-of-age fiction -- [3] Outsider fiction -- [4] Science fiction and fantasy.</marc:subfield></marc:datafield><marc:datafield tag="650" ind1=" " ind2="0"><marc:subfield code="a">Prohibited books</marc:subfield><marc:subfield code="v">Bibliography</marc:subfield><marc:subfield code="v">Juvenile literature.</marc:subfield></marc:datafield><marc:datafield tag="650" ind1=" " ind2="0"><marc:subfield code="a">Challenged books</marc:subfield><marc:subfield code="v">Bibliography</marc:subfield><marc:subfield code="v">Juvenile literature.</marc:subfield></marc:datafield><marc:datafield tag="650" ind1=" " ind2="0"><marc:subfield code="a">Expurgated books</marc:subfield><marc:subfield code="v">Bibliography</marc:subfield><marc:subfield code="v">Juvenile literature.</marc:subfield></marc:datafield><marc:datafield tag="650" ind1=" " ind2="0"><marc:subfield code="a">Prohibited books</marc:subfield><marc:subfield code="z">United States</marc:subfield><marc:subfield code="v">Bibliography</marc:subfield><marc:subfield code="v">Juvenile literature.</marc:subfield></marc:datafield><marc:datafield tag="650" ind1=" " ind2="0"><marc:subfield code="a">Challenged books</marc:subfield><marc:subfield code="z">United States</marc:subfield><marc:subfield code="v">Bibliography</marc:subfield><marc:subfield code="v">Juvenile literature.</marc:subfield></marc:datafield><marc:datafield tag="650" ind1=" " ind2="0"><marc:subfield code="a">Expurgated books</marc:subfield><marc:subfield code="z">United States</marc:subfield><marc:subfield code="v">Bibliography</marc:subfield><marc:subfield code="v">Juvenile literature.</marc:subfield></marc:datafield><marc:datafield tag="650" ind1=" " ind2="0"><marc:subfield code="a">Children's stories</marc:subfield><marc:subfield code="x">Censorship</marc:subfield><marc:subfield code="z">United States</marc:subfield><marc:subfield code="v">Case studies</marc:subfield><marc:subfield code="v">Juvenile literature.</marc:subfield></marc:datafield><marc:datafield tag="650" ind1=" " ind2="0"><marc:subfield code="a">Young adult fiction</marc:subfield><marc:subfield code="x">Censorship</marc:subfield><marc:subfield code="z">United States</marc:subfield><marc:subfield code="v">Case studies</marc:subfield><marc:subfield code="v">Juvenile literature.</marc:subfield></marc:datafield><marc:datafield tag="650" ind1=" " ind2="0"><marc:subfield code="a">Children's stories</marc:subfield><marc:subfield code="v">Bio-bibliography</marc:subfield><marc:subfield code="v">Juvenile literature.</marc:subfield></marc:datafield><marc:datafield tag="650" ind1=" " ind2="0"><marc:subfield code="a">Young adult fiction</marc:subfield><marc:subfield code="v">Bio-bibliography</marc:subfield><marc:subfield code="v">Juvenile literature.</marc:subfield></marc:datafield><marc:datafield tag="856" ind1="4" ind2="1"><marc:subfield code="3">Table of contents only</marc:subfield><marc:subfield code="u">http://www.loc.gov/catdir/toc/ecip0824/2008032030.html</marc:subfield></marc:datafield></marc:record>