<marc:record xmlns:mets="http://www.loc.gov/METS/" xmlns:xsi="http://www.w3.org/2001/XMLSchema-instance" xmlns:marc="http://www.loc.gov/MARC21/slim"><marc:leader>01869cam a22003734a 4500</marc:leader><marc:controlfield tag="001">15294513</marc:controlfield><marc:controlfield tag="005">20091015132908.0</marc:controlfield><marc:controlfield tag="008">080508s2009    deua   j b    001 0ceng  </marc:controlfield><marc:datafield tag="906" ind1=" " ind2=" "><marc:subfield code="a">7</marc:subfield><marc:subfield code="b">cbc</marc:subfield><marc:subfield code="c">orignew</marc:subfield><marc:subfield code="d">1</marc:subfield><marc:subfield code="e">ecip</marc:subfield><marc:subfield code="f">20</marc:subfield><marc:subfield code="g">y-gencatlg</marc:subfield></marc:datafield><marc:datafield tag="925" ind1="0" ind2=" "><marc:subfield code="a">acquire</marc:subfield><marc:subfield code="b">1 shelf copy</marc:subfield><marc:subfield code="x">policy default</marc:subfield></marc:datafield><marc:datafield tag="955" ind1=" " ind2=" "><marc:subfield code="a">lk09 2008-05-08</marc:subfield><marc:subfield code="c">lk09 2008-05-08</marc:subfield><marc:subfield code="d">lk29 2008-05-21 to SL</marc:subfield><marc:subfield code="e">lk53 2008-05-23 to Dewey</marc:subfield><marc:subfield code="a">aa24 2008-05-23</marc:subfield><marc:subfield code="a">xe05 2009-10-01 1 copy rec'd., to CIP ver.</marc:subfield><marc:subfield code="f">re06 2009-10-15 (telework) to BCCD</marc:subfield></marc:datafield><marc:datafield tag="010" ind1=" " ind2=" "><marc:subfield code="a">  2008020925</marc:subfield></marc:datafield><marc:datafield tag="020" ind1=" " ind2=" "><marc:subfield code="a">9781584156659 (library bound)</marc:subfield></marc:datafield><marc:datafield tag="040" ind1=" " ind2=" "><marc:subfield code="a">DLC</marc:subfield><marc:subfield code="c">DLC</marc:subfield><marc:subfield code="d">DLC</marc:subfield></marc:datafield><marc:datafield tag="043" ind1=" " ind2=" "><marc:subfield code="a">n-us---</marc:subfield><marc:subfield code="a">n-usp--</marc:subfield><marc:subfield code="a">n-us-mt</marc:subfield></marc:datafield><marc:datafield tag="050" ind1="0" ind2="0"><marc:subfield code="a">E467.1.C99</marc:subfield><marc:subfield code="b">R53 2009</marc:subfield></marc:datafield><marc:datafield tag="082" ind1="0" ind2="0"><marc:subfield code="a">973.8/2092</marc:subfield><marc:subfield code="a">B</marc:subfield><marc:subfield code="2">22</marc:subfield></marc:datafield><marc:datafield tag="100" ind1="1" ind2=" "><marc:subfield code="a">Rice, Earle.</marc:subfield></marc:datafield><marc:datafield tag="245" ind1="1" ind2="4"><marc:subfield code="a">The life and times of the brothers Custer :</marc:subfield><marc:subfield code="b">galloping to glory /</marc:subfield><marc:subfield code="c">by Earle Rice, Jr.</marc:subfield></marc:datafield><marc:datafield tag="260" ind1=" " ind2=" "><marc:subfield code="a">Hockessin, Del. :</marc:subfield><marc:subfield code="b">Mitchell Lane Publishers,</marc:subfield><marc:subfield code="c">2008.</marc:subfield></marc:datafield><marc:datafield tag="300" ind1=" " ind2=" "><marc:subfield code="a">48 p. :</marc:subfield><marc:subfield code="b">ill. ;</marc:subfield><marc:subfield code="c">24 cm.</marc:subfield></marc:datafield><marc:datafield tag="490" ind1="0" ind2=" "><marc:subfield code="a">Profiles in American history</marc:subfield></marc:datafield><marc:datafield tag="504" ind1=" " ind2=" "><marc:subfield code="a">Includes bibliographical references (p. 45) and index.</marc:subfield></marc:datafield><marc:datafield tag="600" ind1="1" ind2="0"><marc:subfield code="a">Custer, George A.</marc:subfield><marc:subfield code="q">(George Armstrong),</marc:subfield><marc:subfield code="d">1839-1876</marc:subfield><marc:subfield code="v">Juvenile literature.</marc:subfield></marc:datafield><marc:datafield tag="600" ind1="3" ind2="0"><marc:subfield code="a">Custer family</marc:subfield><marc:subfield code="v">Juvenile literature.</marc:subfield></marc:datafield><marc:datafield tag="650" ind1=" " ind2="0"><marc:subfield code="a">Generals</marc:subfield><marc:subfield code="z">United States</marc:subfield><marc:subfield code="v">Biography</marc:subfield><marc:subfield code="v">Juvenile literature.</marc:subfield></marc:datafield><marc:datafield tag="650" ind1=" " ind2="0"><marc:subfield code="a">Soldiers</marc:subfield><marc:subfield code="z">United States</marc:subfield><marc:subfield code="v">Biography</marc:subfield><marc:subfield code="v">Juvenile literature.</marc:subfield></marc:datafield><marc:datafield tag="650" ind1=" " ind2="0"><marc:subfield code="a">Brothers</marc:subfield><marc:subfield code="z">United States</marc:subfield><marc:subfield code="v">Biography</marc:subfield><marc:subfield code="v">Juvenile literature.</marc:subfield></marc:datafield><marc:datafield tag="610" ind1="1" ind2="0"><marc:subfield code="a">United States.</marc:subfield><marc:subfield code="b">Army</marc:subfield><marc:subfield code="v">Biography</marc:subfield><marc:subfield code="v">Juvenile literature.</marc:subfield></marc:datafield><marc:datafield tag="651" ind1=" " ind2="0"><marc:subfield code="a">United States</marc:subfield><marc:subfield code="x">History</marc:subfield><marc:subfield code="y">Civil War, 1861-1865</marc:subfield><marc:subfield code="x">Cavalry operations</marc:subfield><marc:subfield code="v">Juvenile literature.</marc:subfield></marc:datafield><marc:datafield tag="650" ind1=" " ind2="0"><marc:subfield code="a">Soldiers</marc:subfield><marc:subfield code="z">West (U.S.)</marc:subfield><marc:subfield code="v">Biography</marc:subfield><marc:subfield code="v">Juvenile literature.</marc:subfield></marc:datafield><marc:datafield tag="650" ind1=" " ind2="0"><marc:subfield code="a">Indians of North America</marc:subfield><marc:subfield code="x">Wars</marc:subfield><marc:subfield code="z">West (U.S.)</marc:subfield><marc:subfield code="v">Juvenile literature.</marc:subfield></marc:datafield><marc:datafield tag="650" ind1=" " ind2="0"><marc:subfield code="a">Little Bighorn, Battle of the, Mont., 1876</marc:subfield><marc:subfield code="v">Juvenile literature.</marc:subfield></marc:datafield><marc:datafield tag="856" ind1="4" ind2="1"><marc:subfield code="3">Table of contents only</marc:subfield><marc:subfield code="u">http://www.loc.gov/catdir/toc/ecip0818/2008020925.html</marc:subfield></marc:datafield></marc:record>