<marc:record xmlns:mets="http://www.loc.gov/METS/" xmlns:xsi="http://www.w3.org/2001/XMLSchema-instance" xmlns:marc="http://www.loc.gov/MARC21/slim"><marc:leader>02291cam a22003974a 4500</marc:leader><marc:controlfield tag="001">15074246</marc:controlfield><marc:controlfield tag="005">20080820145748.0</marc:controlfield><marc:controlfield tag="008">071107s2009    njua   j b    001 0 eng  </marc:controlfield><marc:datafield tag="906" ind1=" " ind2=" "><marc:subfield code="a">7</marc:subfield><marc:subfield code="b">cbc</marc:subfield><marc:subfield code="c">orignew</marc:subfield><marc:subfield code="d">1</marc:subfield><marc:subfield code="e">ecip</marc:subfield><marc:subfield code="f">20</marc:subfield><marc:subfield code="g">y-gencatlg</marc:subfield></marc:datafield><marc:datafield tag="925" ind1="0" ind2=" "><marc:subfield code="a">acquire</marc:subfield><marc:subfield code="b">1 shelf copies</marc:subfield><marc:subfield code="x">policy default</marc:subfield></marc:datafield><marc:datafield tag="955" ind1=" " ind2=" "><marc:subfield code="a">se30 2007-11-07</marc:subfield><marc:subfield code="c">se30 2007-11-07 (desc for PSSA)</marc:subfield><marc:subfield code="d">da64 2007-11-08 for subject review (rev. sf22)</marc:subfield><marc:subfield code="e">sf31 2007-11-08 to Dewey</marc:subfield><marc:subfield code="a">aa19 2007-11-09</marc:subfield><marc:subfield code="a">ps10 2008-06-20 1 copy rec'd., to CIP ver.</marc:subfield><marc:subfield code="f">sf32 2008-08-13</marc:subfield><marc:subfield code="g">sf32 2008-08-13 to BCCD</marc:subfield></marc:datafield><marc:datafield tag="010" ind1=" " ind2=" "><marc:subfield code="a">  2007046080</marc:subfield></marc:datafield><marc:datafield tag="020" ind1=" " ind2=" "><marc:subfield code="a">9780766029125</marc:subfield></marc:datafield><marc:datafield tag="020" ind1=" " ind2=" "><marc:subfield code="a">0766029123</marc:subfield></marc:datafield><marc:datafield tag="040" ind1=" " ind2=" "><marc:subfield code="a">DLC</marc:subfield><marc:subfield code="c">DLC</marc:subfield><marc:subfield code="d">DLC</marc:subfield></marc:datafield><marc:datafield tag="043" ind1=" " ind2=" "><marc:subfield code="a">n-us---</marc:subfield></marc:datafield><marc:datafield tag="050" ind1="0" ind2="0"><marc:subfield code="a">JV6465</marc:subfield><marc:subfield code="b">.S84 2009</marc:subfield></marc:datafield><marc:datafield tag="082" ind1="0" ind2="0"><marc:subfield code="a">325.73</marc:subfield><marc:subfield code="2">22</marc:subfield></marc:datafield><marc:datafield tag="100" ind1="1" ind2=" "><marc:subfield code="a">Streissguth, Thomas,</marc:subfield><marc:subfield code="d">1958-</marc:subfield></marc:datafield><marc:datafield tag="245" ind1="1" ind2="0"><marc:subfield code="a">Welcome to America? :</marc:subfield><marc:subfield code="b">a pro/con debate over immigration /</marc:subfield><marc:subfield code="c">Tom Streissguth.</marc:subfield></marc:datafield><marc:datafield tag="260" ind1=" " ind2=" "><marc:subfield code="a">Berkeley Heights, NJ :</marc:subfield><marc:subfield code="b">Enslow Publishers,</marc:subfield><marc:subfield code="c">C2009.</marc:subfield></marc:datafield><marc:datafield tag="300" ind1=" " ind2=" "><marc:subfield code="a">112 p. :</marc:subfield><marc:subfield code="b">ill. (chiefly col.) ;</marc:subfield><marc:subfield code="c">24 cm.</marc:subfield></marc:datafield><marc:datafield tag="490" ind1="0" ind2=" "><marc:subfield code="a">Issues in focus today</marc:subfield></marc:datafield><marc:datafield tag="520" ind1=" " ind2=" "><marc:subfield code="a">"Examines immigration in the United States, including the history of U.S. immigration and the debate over immigration reforms, laws, and policies"--Provided by publisher.</marc:subfield></marc:datafield><marc:datafield tag="504" ind1=" " ind2=" "><marc:subfield code="a">Includes bibliographical references (p. 101-105) and index.</marc:subfield></marc:datafield><marc:datafield tag="505" ind1="0" ind2=" "><marc:subfield code="a">A land of newcomers -- Twentieth-century immigration -- Illegal immigration -- Immigration and the U.S. economy -- Visas and citizenship -- A threat to the United States? -- A global economy -- A new immigration law.</marc:subfield></marc:datafield><marc:datafield tag="651" ind1=" " ind2="0"><marc:subfield code="a">United States</marc:subfield><marc:subfield code="x">Emigration and immigration</marc:subfield><marc:subfield code="v">Juvenile literature.</marc:subfield></marc:datafield><marc:datafield tag="651" ind1=" " ind2="0"><marc:subfield code="a">United States</marc:subfield><marc:subfield code="x">Emigration and immigration</marc:subfield><marc:subfield code="x">History</marc:subfield><marc:subfield code="v">Juvenile literature.</marc:subfield></marc:datafield><marc:datafield tag="651" ind1=" " ind2="0"><marc:subfield code="a">United States</marc:subfield><marc:subfield code="x">Emigration and immigration</marc:subfield><marc:subfield code="x">Government policy</marc:subfield><marc:subfield code="v">Juvenile literature.</marc:subfield></marc:datafield><marc:datafield tag="651" ind1=" " ind2="0"><marc:subfield code="a">United States</marc:subfield><marc:subfield code="x">Emigration and immigration</marc:subfield><marc:subfield code="x">Economic aspects</marc:subfield><marc:subfield code="v">Juvenile literature.</marc:subfield></marc:datafield><marc:datafield tag="650" ind1=" " ind2="0"><marc:subfield code="a">Emigration and immigration law</marc:subfield><marc:subfield code="z">United States</marc:subfield><marc:subfield code="v">Juvenile literature.</marc:subfield></marc:datafield><marc:datafield tag="650" ind1=" " ind2="0"><marc:subfield code="a">Illegal aliens</marc:subfield><marc:subfield code="z">United States</marc:subfield><marc:subfield code="v">Juvenile literature.</marc:subfield></marc:datafield><marc:datafield tag="650" ind1=" " ind2="0"><marc:subfield code="a">Americanization</marc:subfield><marc:subfield code="v">Juvenile literature.</marc:subfield></marc:datafield><marc:datafield tag="650" ind1=" " ind2="0"><marc:subfield code="a">Assimilation (Sociology)</marc:subfield><marc:subfield code="z">United States</marc:subfield><marc:subfield code="v">Juvenile literature.</marc:subfield></marc:datafield><marc:datafield tag="650" ind1=" " ind2="0"><marc:subfield code="a">Border security</marc:subfield><marc:subfield code="z">United States</marc:subfield><marc:subfield code="v">Juvenile literature.</marc:subfield></marc:datafield><marc:datafield tag="856" ind1="4" ind2="1"><marc:subfield code="3">Table of contents only</marc:subfield><marc:subfield code="u">http://www.loc.gov/catdir/toc/fy0805/2007046080.html</marc:subfield></marc:datafield></marc:record>