<marc:record xmlns:mets="http://www.loc.gov/METS/" xmlns:xsi="http://www.w3.org/2001/XMLSchema-instance" xmlns:marc="http://www.loc.gov/MARC21/slim"><marc:leader>02136cam a2200337 a 4500</marc:leader><marc:controlfield tag="001">15832249</marc:controlfield><marc:controlfield tag="005">20100910150033.0</marc:controlfield><marc:controlfield tag="008">090724s2009    nyuab  j b    000 0 eng  </marc:controlfield><marc:datafield tag="906" ind1=" " ind2=" "><marc:subfield code="a">7</marc:subfield><marc:subfield code="b">cbc</marc:subfield><marc:subfield code="c">orignew</marc:subfield><marc:subfield code="d">1</marc:subfield><marc:subfield code="e">ecip</marc:subfield><marc:subfield code="f">20</marc:subfield><marc:subfield code="g">y-gencatlg</marc:subfield></marc:datafield><marc:datafield tag="925" ind1="0" ind2=" "><marc:subfield code="a">acquire</marc:subfield><marc:subfield code="b">2 shelf copies</marc:subfield><marc:subfield code="x">policy default</marc:subfield><marc:subfield code="e">claim1  2010-02-19</marc:subfield></marc:datafield><marc:datafield tag="955" ind1=" " ind2=" "><marc:subfield code="b">cd05 2009-07-24</marc:subfield><marc:subfield code="i">cd05 2009-07-24 telework to Dewey (according to publisher for readers 13+)</marc:subfield><marc:subfield code="w">rd05 2009-07-24</marc:subfield><marc:subfield code="a">xe04 2010-03-03 1 copy rec'd., to CIP ver.</marc:subfield><marc:subfield code="f">rf17 2010-03-11</marc:subfield><marc:subfield code="a">Barcode 00240585790 returned from bindery 2010-04-12</marc:subfield><marc:subfield code="t">rh18 2010-09-10 copy 2 added</marc:subfield></marc:datafield><marc:datafield tag="010" ind1=" " ind2=" "><marc:subfield code="a">  2009030297</marc:subfield></marc:datafield><marc:datafield tag="020" ind1=" " ind2=" "><marc:subfield code="a">9780981468631 (alk. paper)</marc:subfield></marc:datafield><marc:datafield tag="040" ind1=" " ind2=" "><marc:subfield code="a">DLC</marc:subfield><marc:subfield code="c">DLC</marc:subfield><marc:subfield code="d">DLC</marc:subfield></marc:datafield><marc:datafield tag="043" ind1=" " ind2=" "><marc:subfield code="a">e-pl---</marc:subfield></marc:datafield><marc:datafield tag="050" ind1="0" ind2="0"><marc:subfield code="a">DS134.64</marc:subfield><marc:subfield code="b">.L46 2009</marc:subfield></marc:datafield><marc:datafield tag="082" ind1="0" ind2="0"><marc:subfield code="a">940.53/18092</marc:subfield><marc:subfield code="a">B</marc:subfield><marc:subfield code="2">22</marc:subfield></marc:datafield><marc:datafield tag="100" ind1="1" ind2=" "><marc:subfield code="a">Lensky, Mordecai,</marc:subfield><marc:subfield code="d">1890-1964.</marc:subfield></marc:datafield><marc:datafield tag="245" ind1="1" ind2="2"><marc:subfield code="a">A physician inside the Warsaw Ghetto, 1939-1943 /</marc:subfield><marc:subfield code="c">Mordechai Lensky.</marc:subfield></marc:datafield><marc:datafield tag="260" ind1=" " ind2=" "><marc:subfield code="a">New York :</marc:subfield><marc:subfield code="b">Holocaust Survivors Memoirs Project and Yad Vashem,</marc:subfield><marc:subfield code="c">2009.</marc:subfield></marc:datafield><marc:datafield tag="300" ind1=" " ind2=" "><marc:subfield code="a">241 p. :</marc:subfield><marc:subfield code="b">ill., maps ;</marc:subfield><marc:subfield code="c">23 cm.</marc:subfield></marc:datafield><marc:datafield tag="504" ind1=" " ind2=" "><marc:subfield code="a">Includes bibliographical references (p. 237-238).</marc:subfield></marc:datafield><marc:datafield tag="505" ind1="0" ind2=" "><marc:subfield code="a">1. Warsaw under occupation -- 2. Czyste Jewish Hospital -- 3. The atmosphere among Jews before the creation of the Ghetto -- 4. Jewish historians -- 5. Public functionaries -- 6.  1941-1942    -- 7. The Epidemics -- 8. The House Committees -- 9. Summer 1942: the annihilation campaign: 22 July-13 September -- 10. Hillel Zeitlin's last days -- 11. Warsaw Ghetto before uprising -- 12.   Epilogue.</marc:subfield></marc:datafield><marc:datafield tag="650" ind1=" " ind2="0"><marc:subfield code="a">Jews</marc:subfield><marc:subfield code="x">Persecutions</marc:subfield><marc:subfield code="z">Poland</marc:subfield><marc:subfield code="z">Warsaw</marc:subfield><marc:subfield code="v">Juvenile literature.</marc:subfield></marc:datafield><marc:datafield tag="650" ind1=" " ind2="0"><marc:subfield code="a">Holocaust, Jewish (1939-1945)</marc:subfield><marc:subfield code="z">Poland</marc:subfield><marc:subfield code="z">Warsaw</marc:subfield><marc:subfield code="v">Personal narratives</marc:subfield><marc:subfield code="v">Juvenile literature.</marc:subfield></marc:datafield><marc:datafield tag="650" ind1=" " ind2="0"><marc:subfield code="a">Jews</marc:subfield><marc:subfield code="z">Poland</marc:subfield><marc:subfield code="z">Warsaw</marc:subfield><marc:subfield code="x">Politics and government</marc:subfield><marc:subfield code="y">20th century</marc:subfield><marc:subfield code="v">Juvenile literature.</marc:subfield></marc:datafield><marc:datafield tag="650" ind1=" " ind2="0"><marc:subfield code="a">Jews</marc:subfield><marc:subfield code="x">Medical care</marc:subfield><marc:subfield code="z">Poland</marc:subfield><marc:subfield code="z">Warsaw</marc:subfield><marc:subfield code="x">History</marc:subfield><marc:subfield code="y">20th century</marc:subfield><marc:subfield code="v">Juvenile literature.</marc:subfield></marc:datafield><marc:datafield tag="650" ind1=" " ind2="0"><marc:subfield code="a">World War, 1939-1945</marc:subfield><marc:subfield code="x">Medical care</marc:subfield><marc:subfield code="z">Poland</marc:subfield><marc:subfield code="z">Warsaw.</marc:subfield></marc:datafield><marc:datafield tag="600" ind1="1" ind2="0"><marc:subfield code="a">Lensky, Mordecai,</marc:subfield><marc:subfield code="d">1890-1964</marc:subfield><marc:subfield code="v">Juvenile literature.</marc:subfield></marc:datafield><marc:datafield tag="650" ind1=" " ind2="0"><marc:subfield code="a">Jewish physicians</marc:subfield><marc:subfield code="z">Poland</marc:subfield><marc:subfield code="z">Warsaw</marc:subfield><marc:subfield code="v">Biograpgy</marc:subfield><marc:subfield code="v">Juvenile literature.</marc:subfield></marc:datafield><marc:datafield tag="651" ind1=" " ind2="0"><marc:subfield code="a">Warsaw (Poland)</marc:subfield><marc:subfield code="x">Ethnic relations</marc:subfield><marc:subfield code="v">Juvenile literature.</marc:subfield></marc:datafield></marc:record>