<marc:record xmlns:mets="http://www.loc.gov/METS/" xmlns:xsi="http://www.w3.org/2001/XMLSchema-instance" xmlns:marc="http://www.loc.gov/MARC21/slim"><marc:leader>01950cam a2200361 a 4500</marc:leader><marc:controlfield tag="001">15562970</marc:controlfield><marc:controlfield tag="005">20100119110017.0</marc:controlfield><marc:controlfield tag="008">081219s2009    pauab  j b    001 0deng  </marc:controlfield><marc:datafield tag="906" ind1=" " ind2=" "><marc:subfield code="a">7</marc:subfield><marc:subfield code="b">cbc</marc:subfield><marc:subfield code="c">orignew</marc:subfield><marc:subfield code="d">1</marc:subfield><marc:subfield code="e">ecip</marc:subfield><marc:subfield code="f">20</marc:subfield><marc:subfield code="g">y-gencatlg</marc:subfield></marc:datafield><marc:datafield tag="925" ind1="0" ind2=" "><marc:subfield code="a">acquire</marc:subfield><marc:subfield code="b">2 shelf copies</marc:subfield><marc:subfield code="x">policy default</marc:subfield></marc:datafield><marc:datafield tag="955" ind1=" " ind2=" "><marc:subfield code="a">rf14 2008-12-19</marc:subfield><marc:subfield code="c">rf14 2008-12-19 telework</marc:subfield><marc:subfield code="d">rf14 2008-12-23 telework</marc:subfield><marc:subfield code="e">rf07 2008-12-23 (telework) to Dewey</marc:subfield><marc:subfield code="a">rd14 2008-12-23</marc:subfield><marc:subfield code="a">xe10 2010-01-11 1 copy rec'd., to CIP ver.</marc:subfield><marc:subfield code="f">rf15 2010-01-19 (telework) cip ver to BCCD</marc:subfield></marc:datafield><marc:datafield tag="010" ind1=" " ind2=" "><marc:subfield code="a">  2008055109</marc:subfield></marc:datafield><marc:datafield tag="020" ind1=" " ind2=" "><marc:subfield code="a">9781590784266</marc:subfield></marc:datafield><marc:datafield tag="040" ind1=" " ind2=" "><marc:subfield code="a">DLC</marc:subfield><marc:subfield code="c">DLC</marc:subfield><marc:subfield code="d">DLC</marc:subfield></marc:datafield><marc:datafield tag="043" ind1=" " ind2=" "><marc:subfield code="a">n------</marc:subfield></marc:datafield><marc:datafield tag="050" ind1="0" ind2="0"><marc:subfield code="a">E46</marc:subfield><marc:subfield code="b">.P48 2009</marc:subfield></marc:datafield><marc:datafield tag="082" ind1="0" ind2="0"><marc:subfield code="a">970.01</marc:subfield><marc:subfield code="2">22</marc:subfield></marc:datafield><marc:datafield tag="100" ind1="1" ind2=" "><marc:subfield code="a">Peterson, Cris.</marc:subfield></marc:datafield><marc:datafield tag="245" ind1="1" ind2="0"><marc:subfield code="a">Birchbark brigade :</marc:subfield><marc:subfield code="b">a fur trade history /</marc:subfield><marc:subfield code="c">Cris Peterson.</marc:subfield></marc:datafield><marc:datafield tag="250" ind1=" " ind2=" "><marc:subfield code="a">1st ed.</marc:subfield></marc:datafield><marc:datafield tag="260" ind1=" " ind2=" "><marc:subfield code="a">Honesdale, Pa. :</marc:subfield><marc:subfield code="b">Calkins Creek,</marc:subfield><marc:subfield code="c">c2009.</marc:subfield></marc:datafield><marc:datafield tag="300" ind1=" " ind2=" "><marc:subfield code="a">135 p. :</marc:subfield><marc:subfield code="b">ill., maps ;</marc:subfield><marc:subfield code="c">25 cm.</marc:subfield></marc:datafield><marc:datafield tag="500" ind1=" " ind2=" "><marc:subfield code="a">Maps on endsheets.</marc:subfield></marc:datafield><marc:datafield tag="504" ind1=" " ind2=" "><marc:subfield code="a">Includes bibliographical references (p. 124-127) and index.</marc:subfield></marc:datafield><marc:datafield tag="505" ind1="0" ind2=" "><marc:subfield code="a">Brandishing peltry on sticks -- They would offer us battle -- They attack like lions -- By virtue of His Majesty's commission -- A stranger to the commerce -- I now mixed up some vermilion in melted grease -- A fair specimen of the life -- Slapped on the face by a grisly bear -- A famous ball in the dining room -- We did not make palaces -- I found a piece of stone.</marc:subfield></marc:datafield><marc:datafield tag="650" ind1=" " ind2="0"><marc:subfield code="a">Frontier and pioneer life</marc:subfield><marc:subfield code="z">North America</marc:subfield><marc:subfield code="v">Juvenile literature.</marc:subfield></marc:datafield><marc:datafield tag="650" ind1=" " ind2="0"><marc:subfield code="a">Fur trade</marc:subfield><marc:subfield code="z">North America</marc:subfield><marc:subfield code="x">History</marc:subfield><marc:subfield code="v">Juvenile literature.</marc:subfield></marc:datafield><marc:datafield tag="650" ind1=" " ind2="0"><marc:subfield code="a">Fur traders</marc:subfield><marc:subfield code="z">North America</marc:subfield><marc:subfield code="x">History</marc:subfield><marc:subfield code="v">Juvenile literature.</marc:subfield></marc:datafield><marc:datafield tag="650" ind1=" " ind2="0"><marc:subfield code="a">Pioneers</marc:subfield><marc:subfield code="z">North America</marc:subfield><marc:subfield code="x">History</marc:subfield><marc:subfield code="v">Juvenile literature.</marc:subfield></marc:datafield><marc:datafield tag="650" ind1=" " ind2="0"><marc:subfield code="a">Explorers</marc:subfield><marc:subfield code="z">North America</marc:subfield><marc:subfield code="x">History</marc:subfield><marc:subfield code="v">Juvenile literature.</marc:subfield></marc:datafield><marc:datafield tag="650" ind1=" " ind2="0"><marc:subfield code="a">Indians of North America</marc:subfield><marc:subfield code="x">History</marc:subfield><marc:subfield code="v">Juvenile literature.</marc:subfield></marc:datafield><marc:datafield tag="651" ind1=" " ind2="0"><marc:subfield code="a">North America</marc:subfield><marc:subfield code="x">Discovery and exploration</marc:subfield><marc:subfield code="v">Juvenile literature.</marc:subfield></marc:datafield><marc:datafield tag="651" ind1=" " ind2="0"><marc:subfield code="a">North America</marc:subfield><marc:subfield code="x">History</marc:subfield><marc:subfield code="v">Juvenile literature.</marc:subfield></marc:datafield></marc:record>