<marc:record xmlns:mets="http://www.loc.gov/METS/" xmlns:xsi="http://www.w3.org/2001/XMLSchema-instance" xmlns:marc="http://www.loc.gov/MARC21/slim"><marc:leader>02260cam a2200481 a 4500</marc:leader><marc:controlfield tag="001">15571245</marc:controlfield><marc:controlfield tag="005">20100429110034.0</marc:controlfield><marc:controlfield tag="008">081230s2009    gaua   j      000 0deng  </marc:controlfield><marc:datafield tag="906" ind1=" " ind2=" "><marc:subfield code="a">7</marc:subfield><marc:subfield code="b">cbc</marc:subfield><marc:subfield code="c">orignew</marc:subfield><marc:subfield code="d">1</marc:subfield><marc:subfield code="e">ecip</marc:subfield><marc:subfield code="f">20</marc:subfield><marc:subfield code="g">y-gencatlg</marc:subfield></marc:datafield><marc:datafield tag="925" ind1="0" ind2=" "><marc:subfield code="a">acquire</marc:subfield><marc:subfield code="b">2 shelf copies</marc:subfield><marc:subfield code="x">policy default</marc:subfield><marc:subfield code="e">claim1  2010-02-18</marc:subfield></marc:datafield><marc:datafield tag="955" ind1=" " ind2=" "><marc:subfield code="a">rf14 2008-12-30</marc:subfield><marc:subfield code="i">rf14 2008-12-30 telework to SL</marc:subfield><marc:subfield code="e">rf07 2008-12-30 (telework) to Dewey</marc:subfield><marc:subfield code="a">rd14 2008-12-30</marc:subfield><marc:subfield code="a">xg04 2009-11-17 updated hdg</marc:subfield><marc:subfield code="a">xe08 2010-04-22 1 copy rec'd., to CIP ver.</marc:subfield><marc:subfield code="f">rc09 2010-04-29 Z-CipVer</marc:subfield></marc:datafield><marc:datafield tag="010" ind1=" " ind2=" "><marc:subfield code="a">  2008055968</marc:subfield></marc:datafield><marc:datafield tag="020" ind1=" " ind2=" "><marc:subfield code="a">9781561454907</marc:subfield></marc:datafield><marc:datafield tag="020" ind1=" " ind2=" "><marc:subfield code="a">1561454907</marc:subfield></marc:datafield><marc:datafield tag="035" ind1=" " ind2=" "><marc:subfield code="a">(OCoLC)ocn294998755</marc:subfield></marc:datafield><marc:datafield tag="040" ind1=" " ind2=" "><marc:subfield code="a">DLC</marc:subfield><marc:subfield code="c">DLC</marc:subfield><marc:subfield code="d">IG#</marc:subfield><marc:subfield code="d">BTCTA</marc:subfield><marc:subfield code="d">UPZ</marc:subfield><marc:subfield code="d">ORX</marc:subfield><marc:subfield code="d">LF3</marc:subfield><marc:subfield code="d">BRL</marc:subfield><marc:subfield code="d">XY4</marc:subfield><marc:subfield code="d">NPL</marc:subfield><marc:subfield code="d">EHH</marc:subfield><marc:subfield code="d">XL4</marc:subfield><marc:subfield code="d">GO3</marc:subfield><marc:subfield code="d">CDS</marc:subfield><marc:subfield code="d">OLC</marc:subfield><marc:subfield code="d">YDXCP</marc:subfield><marc:subfield code="d">HEBIS</marc:subfield><marc:subfield code="d">DLC</marc:subfield></marc:datafield><marc:datafield tag="043" ind1=" " ind2=" "><marc:subfield code="a">f-ke---</marc:subfield><marc:subfield code="a">n-us---</marc:subfield></marc:datafield><marc:datafield tag="050" ind1="0" ind2="0"><marc:subfield code="a">E183.8.K4</marc:subfield><marc:subfield code="b">D44 2009</marc:subfield></marc:datafield><marc:datafield tag="082" ind1="0" ind2="0"><marc:subfield code="a">327.676073</marc:subfield><marc:subfield code="2">22</marc:subfield></marc:datafield><marc:datafield tag="100" ind1="1" ind2=" "><marc:subfield code="a">Deedy, Carmen Agra.</marc:subfield></marc:datafield><marc:datafield tag="245" ind1="1" ind2="0"><marc:subfield code="a">14 cows for America /</marc:subfield><marc:subfield code="c">Carmen Agra Deedy ; in collaboration with Wilson Kimeli Naiyomah ; illustrated by Thomas Gonzalez.</marc:subfield></marc:datafield><marc:datafield tag="246" ind1="3" ind2=" "><marc:subfield code="a">Fourteen cows for America</marc:subfield></marc:datafield><marc:datafield tag="250" ind1=" " ind2=" "><marc:subfield code="a">1st ed.</marc:subfield></marc:datafield><marc:datafield tag="260" ind1=" " ind2=" "><marc:subfield code="a">Atlanta, Ga. :</marc:subfield><marc:subfield code="b">Peachtree Publishers,</marc:subfield><marc:subfield code="c">c2009.</marc:subfield></marc:datafield><marc:datafield tag="300" ind1=" " ind2=" "><marc:subfield code="a">[36] p. :</marc:subfield><marc:subfield code="b">col. ill. ;</marc:subfield><marc:subfield code="c">26 x 31 cm.</marc:subfield></marc:datafield><marc:datafield tag="520" ind1=" " ind2=" "><marc:subfield code="a">Maasai tribal members, after hearing the story of the September 11th attacks from a young Massai, who was in New York on that day, decide to present the American people with fourteen sacred cows as a healing gift.</marc:subfield></marc:datafield><marc:datafield tag="651" ind1=" " ind2="0"><marc:subfield code="a">Kenya</marc:subfield><marc:subfield code="x">Relations</marc:subfield><marc:subfield code="z">United States</marc:subfield><marc:subfield code="v">Juvenile literature.</marc:subfield></marc:datafield><marc:datafield tag="651" ind1=" " ind2="0"><marc:subfield code="a">United States</marc:subfield><marc:subfield code="x">Relations</marc:subfield><marc:subfield code="z">Kenya</marc:subfield><marc:subfield code="v">Juvenile literature.</marc:subfield></marc:datafield><marc:datafield tag="650" ind1=" " ind2="0"><marc:subfield code="a">September 11 Terrorist Attacks, 2001</marc:subfield><marc:subfield code="v">Juvenile literature.</marc:subfield></marc:datafield><marc:datafield tag="600" ind1="1" ind2="0"><marc:subfield code="a">Naiyomah, Wilson Kimeli</marc:subfield><marc:subfield code="v">Juvenile literature.</marc:subfield></marc:datafield><marc:datafield tag="650" ind1=" " ind2="0"><marc:subfield code="a">Maasai (African people)</marc:subfield><marc:subfield code="v">Biography</marc:subfield><marc:subfield code="v">Juvenile literature.</marc:subfield></marc:datafield><marc:datafield tag="650" ind1=" " ind2="0"><marc:subfield code="a">Cows</marc:subfield><marc:subfield code="z">Kenya</marc:subfield><marc:subfield code="v">Juvenile literature.</marc:subfield></marc:datafield><marc:datafield tag="650" ind1=" " ind2="0"><marc:subfield code="a">Gifts</marc:subfield><marc:subfield code="z">Kenya</marc:subfield><marc:subfield code="v">Juvenile literature.</marc:subfield></marc:datafield><marc:datafield tag="651" ind1=" " ind2="1"><marc:subfield code="a">Kenya</marc:subfield><marc:subfield code="x">Relations</marc:subfield><marc:subfield code="z">United States.</marc:subfield></marc:datafield><marc:datafield tag="651" ind1=" " ind2="1"><marc:subfield code="a">United States</marc:subfield><marc:subfield code="x">Relations</marc:subfield><marc:subfield code="z">Kenya.</marc:subfield></marc:datafield><marc:datafield tag="650" ind1=" " ind2="1"><marc:subfield code="a">September 11 Terrorist Attacks, 2001.</marc:subfield></marc:datafield><marc:datafield tag="600" ind1="1" ind2="1"><marc:subfield code="a">Naiyomah, Wilson Kimeli.</marc:subfield></marc:datafield><marc:datafield tag="650" ind1=" " ind2="1"><marc:subfield code="a">Maasai (African people)</marc:subfield><marc:subfield code="v">Biography.</marc:subfield></marc:datafield><marc:datafield tag="650" ind1=" " ind2="1"><marc:subfield code="a">Cows</marc:subfield><marc:subfield code="z">Kenya.</marc:subfield></marc:datafield><marc:datafield tag="650" ind1=" " ind2="1"><marc:subfield code="a">Gifts</marc:subfield><marc:subfield code="z">Kenya.</marc:subfield></marc:datafield><marc:datafield tag="700" ind1="1" ind2=" "><marc:subfield code="a">Naiyomah, Wilson Kimeli.</marc:subfield></marc:datafield><marc:datafield tag="700" ind1="1" ind2=" "><marc:subfield code="a">Gonzalez, Thomas,</marc:subfield><marc:subfield code="d">1959-</marc:subfield><marc:subfield code="e">ill.</marc:subfield></marc:datafield><marc:datafield tag="042" ind1=" " ind2=" "><marc:subfield code="a">lcac</marc:subfield></marc:datafield></marc:record>